2654 4822
273 358 850 434 NICOLAIDESJARDINS.
999 362 1107 431 xxxix

36 483 109 555 lusa
128 508 195 580 per
214 496 362 578 gentem
391 480 569 550 literatum
592 481 757 549 omnium
781 480 855 552 fere
880 487 1020 554 animos
1040 509 1104 555 oc-

38 595 184 690 cupavit.
208 592 436 662 Exstiterunt
452 589 620 660 homines
637 587 706 659 illis
726 591 969 687 temporibus,
991 618 1107 690 quum

40 703 141 774 literae
158 700 317 773 feliciter.
332 713 525 798 coeperunt
544 701 698 787 renasci,
720 702 784 796 qui
806 700 887 771 orbi
908 704 1020 774 veluti
1042 730 1107 775 no-

43 837 113 884 vam
144 827 283 885 sectam
313 811 529 913 molirentur
561 808 757 896 invehere,
787 824 823 880 et
856 814 1106 885 Ciceronianus

48 946 111 994 sese
128 934 323 1009 vocarent,
339 922 503 990 omnium
517 920 648 1015 scripta
666 919 888 1014 rejicientes,
906 947 988 1017 quae
1004 924 1108 995 Cice-

50 1035 134 1104 ronis
149 1034 369 1102 lineamenta
389 1054 466 1099 non
483 1026 680 1114 referrent3
703 1031 843 1126 quique
861 1031 1108 1105 adolescentes

50 1157 274 1214 aceterorum
291 1142 511 1237 scriptorum
530 1141 686 1210 lectione
706 1138 918 1230 deterritos,
937 1142 982 1214 ad
999 1146 1109 1215 unius

54 1254 221 1324 Ciceronis
243 1252 482 1321 imitationem
504 1265 726 1320 revocarent.
750 1251 843 1321 Huic
861 1254 1006 1349 ineptiae
1025 1260 1109 1340 viri,
1193 1302 1195 1306 .

55 1366 103 1457 qui
131 1377 222 1433 tunc
250 1375 369 1446 erant,
392 1363 572 1458 sapientes
599 1360 879 1430 adversati'sunt
899 1389 907 1430 :
928 1367 964 1431 in
985 1365 1112 1460 primis

56 1476 224 1560 Erasmus,
253 1472 358 1566 cujus
384 1468 546 1566 dialogus
567 1484 622 1540 est
651 1473 913 1559 Ciceronianus,
933 1470 976 1541 ad
1000 1473 1037 1542 ld
1064 1472 1111 1545 ab

58 1606 89 1653 eo
102 1585 274 1681 scriptus,
293 1597 335 1652 ut
353 1580 503 1652 doceret
519 1579 638 1651 bonos
649 1585 844 1677 scriptores
857 1581 968 1666 alios,
983 1599 1112 1680 praeter

59 1695 276 1780 llTullium,
293 1706 330 1762 et
347 1690 520 1788 legendos
538 1714 626 1778 esse,
644 1705 681 1760 et
702 1689 894 1761 imitandos
911 1691 1038 1787 equod
1063 1692 1111 1763 ob

59 1805 207 1873 meritum
228 1799 426 1872 maledictis
445 1800 490 1872 de
508 1802 614 1870 trivio
633 1802 785 1897 arreptis
809 1826 891 1871 eum
910 1801 1026 1872 Julius
1040 1809 1110 1874 Cae·

62 1934 103 1980 sar
120 1913 176 1984 ille
202 1910 360 2008 Scaliger
384 1913 583 1981 oneravit¹.
615 1913 699 2000 Quo
727 1910 817 2008 quid
842 1911 913 1981 dici
938 1929 1000 1982 aut
1025 1911 1112 2009 fingi

62 2035 160 2114 potest
177 2021 365 2092 insanius?
385 2025 460 2093 Nos
483 2045 570 2091 vero
590 2022 803 2091 Ciceronem
822 2022 1024 2110 imitemur,
1049 2022 1114 2093 sed

63 2132 139 2201 itaut
152 2130 199 2201 ab
218 2129 374 2201 aliorum
387 2144 578 2201 auctorum
593 2129 688 2201 bene
702 2131 899 2201 latinorum
914 2133 1114 2202 imitatione

64 2261 121 2309 non
139 2239 360 2312 recedamus.
384 2244 459 2310 Hos
477 2264 561 2310 cum
582 2240 645 2310 illo
667 2240 891 2337 copulemus.
915 2245 985 2310 Eos
1008 2240 1114 2334 juve·

68 2375 133 2423 num
157 2353 201 2425 ad
230 2355 369 2452 optima
392 2352 620 2424 tendentium
643 2354 851 2441 aemuletur,
878 2377 919 2422 ac
942 2369 1115 2449 sequatur

67 2463 228 2537 industria.
262 2467 398 2534 Verum
426 2464 608 2534 Ciceronis
633 2463 811 2533 aemulatio
839 2488 914 2531 non
938 2462 1047 2534 debet
1074 2467 1113 2534 in

47 2573 121 2669 ¹sola
135 2574 334 2647 verborum
350 2574 571 2670 proprietate
591 2572 771 2643 concludi.
783 2574 927 2642 Etenim
944 2575 1025 2670 quis
1039 2573 1114 2644 fru-

68 2697 124 2755 uus
145 2686 298 2771 laboriS,
320 2699 522 2754 mutuatam
543 2709 563 2752 a
585 2687 760 2753 Cicerone
779 2709 889 2753 unam
912 2699 948 2754 et
966 2685 1115 2756 alteram

67 2788 172 2880 jactare
191 2793 413 2866 clausulam?
434 2792 533 2884 Quid
551 2793 715 2890 proderit
736 2792 871 2863 flumen
893 2797 1115 2891 gravissimo-

69 2923 129 2974 rum
141 2920 180 2978 et
189 2905 414 3003 optimorum
428 2901 625 2973 verborum
639 2901 684 2973 ab
701 2905 781 3000 ipso
795 2902 913 2974 Tullio
937 2904 1117 2992 defluens,

68 3012 87 3080 si
99 3015 266 3086 orationis
282 3028 336 3084 est
353 3014 516 3084 siccitas?
533 3011 754 3109 Effingcndae
771 3028 856 3083 sunt
877 3038 966 3109 quas
989 3015 1116 3085 extulit

67 3123 181 3197 Tullius
212 3129 375 3196 virtutes.
395 3122 639 3219 Exprimenda
667 3139 752 3193 suut
781 3124 877 3193 illius
905 3149 980 3195 non
1008 3123 1116 3195 verba

68 3233 180 3325 sulum,
200 3234 264 3306 sed
282 3233 615 3331 repraesentandum
633 3247 687 3303 est
702 3234 888 3330 ingenium
907 3260 914 3300 :
932 3261 1006 3304 non
1024 3260 1114 3331 quo·

69 3345 157 3416 uodo
186 3346 329 3442 pictura
361 3346 495 3440 primas
526 3366 648 3413 rerum
681 3343 869 3437 imagines,
901 3344 972 3413 oris
1003 3343 1115 3415 linea·

10 3533 11 3538 ἵ
69 3470 168 3525 menta
190 3470 226 3525 et
248 3453 389 3524 colores
410 3451 578 3540 exhibet3
603 3452 665 3522 sed
688 3454 795 3523 sicuti
822 3451 931 3522 refert
959 3469 1115 3549 patrem,

10 3627 11 3636 ,
69 3555 97 3627 in
110 3564 205 3658 cujus
224 3564 309 3658 jura
330 3575 366 3630 et
383 3560 482 3632 bona
502 3563 614 3647 venit,
637 3561 743 3632 filius.

98 3803 116 3834 1.
130 3792 186 3838 Istas
203 3790 321 3854 Scaligeri
335 3789 471 3848 orationes,
485 3806 553 3853 quae,
567 3790 714 3853 conquisitis
732 3791 909 3854 exemplaribus
928 3803 952 3839 et
965 3796 1116 3857 suppressis,

73 3875 132 3922 ninus
143 3891 207 3927 erant
217 3880 314 3937 obviae,
325 3877 437 3935 Tolosae,
451 3894 516 3925 anno
530 3879 606 3935 1621,
619 3880 760 3926 Manssacus
774 3879 924 3927 recudendas
934 3882 1041 3940 curavit,
1061 3900 1116 3931 curn

73 3958 143 4012 llnsmi
153 3968 326 4025 Ciceroniano,
336 3976 364 4013 ut
377 3964 453 4013 lector
463 3966 552 4014 intueri
566 3966 638 4013 simul
650 3978 734 4029 posset
747 3978 771 4013 et
782 3968 875 4026 scelus,
891 3978 915 4013 et
929 3984 1024 4031 poenum
1034 3972 1120 4018 sceleri

10 4091 13 4097 .
75 4048 191 4114 irrogatam:
204 4069 277 4122 atque
290 4069 343 4103 una
356 4052 500 4115 intelligeret
513 4070 563 4118 quo
574 4054 669 4114 judicio
688 4056 801 4102 nonnulli
820 4055 942 4102 interdum
955 4069 1080 4105 versentur
1093 4059 1119 4106 in

76 4134 98 4182 ὶὶι
106 4144 176 4192 studiis
187 4162 238 4210 quae
249 4147 281 4196 ab
295 4141 448 4192 humanitate
460 4140 506 4189 sihi
520 4159 611 4191 nomen
626 4143 793 4191 adsciverunt.
