2654 4822
212 403 284 496 xxij
608 398 879 468 ennelino

213 539 343 608 ternae,
364 521 434 592 nisi
458 521 644 591 Ciceronis
671 520 822 591 laudum
849 519 1073 592 obtrectator
1093 523 1170 619 ipse
1193 536 1289 595 esset

213 647 423 730 perpetuus.
445 629 515 701 Sed
528 634 701 726 quoniam
716 631 833 701 «nihil
851 644 904 702 est
922 645 996 701 tam
1012 629 1161 702 volucre
1174 647 1286 729 quam

212 741 463 826 maledictum3
483 740 574 810 nihil
589 738 725 811 lacilius
743 741 937 828 emittitur3
965 741 1056 811 nihil
1072 743 1178 813 citius
1195 746 1291 815 exci-

215 855 333 950 pit'ut3
351 851 443 921 'nihil
468 850 575 953 latius
591 851 810 948 dissipatur»
827 851 910 948 (pro
926 851 1092 939 Plancio,
1112 871 1189 950 cap.
1207 857 1290 950 23),

214 961 307 1031 'nihil
323 960 462 1031 'tardius
486 958 678 1054 abjicitur:
699 965 728 1030 si
754 961 835 1056 quis
854 961 925 1030 illis
939 984 1020 1057 quae
1036 961 1193 1034 diximus
1211 988 1290 1034 non

209 1085 429 1157 contentus,
451 1073 666 1140 auctoritate
685 1069 901 1141 certandum
922 1073 1029 1142 etiam
1049 1086 1178 1144 contra
1200 1077 1291 1145 istos

208 1193 334 1278 'putat3
348 1184 501 1250 istorum
514 1181 730 1249 testimoniis
743 1190 974 1277 opponemus
990 1184 1197 1253 te'stim'o'nia
1216 1184 1292 1256 cla·

94 1325 97 1330 ‡
214 1291 439 1361 tissimo'rum
466 1290 647 1374 virorum,
679 1301 762 1359 cum
788 1289 923 1387 quibu's
945 1305 981 1361 et
1002 1289 1108 1364 fictus
1127 1293 1188 1363 ille
1214 1295 1291 1365 Sal-

212 1401 361 1487 lustius,
381 1412 422 1470 et
448 1397 571 1470 Fufius
591 1399 771 1485 Calenus,
792 1402 1005 1496 neutiquam
1028 1414 1114 1471 sunt
1139 1424 1290 1500 compa-

212 1510 326 1581 randi.
360 1508 611 1580 Verecundum
640 1507 752 1578 luisse
777 1510 1009 1596 Ciceronem,
1039 1511 1108 1580 nisi
1127 1522 1188 1581 res
1213 1514 1293 1609 ipsa

215 1621 382 1706 doceret,
406 1634 475 1689 n'os
496 1619 566 1715 ipsi
585 1617 689 1688 facile
704 1618 1062 1690 demonstraremus:
1084 1618 1291 1691 clementem

214 1718 424 1821 Ammianus
442 1729 693 1815 Marcellinus,
722 1728 785 1799 lib.
800 1732 904 1816 xlx,
923 1733 1017 1800 circe
1036 1729 1173 1819 finem,
1204 1743 1291 1802 'eum

215 1841 405 1927 describit3
422 1839 655 1910 reverendum
671 1848 802 1909 testem
820 1853 923 1910 vocat
939 1839 1074 1936 (idem,
1092 1840 1154 1911 lib.
1174 1844 1292 1913 XXVI

215 1952 359 2047 initio),
377 1965 562 2048 apertum,
578 1950 737 2039 Quintiis
754 1950 882 2019 Cicero
902 1947 972 2024 (de
992 1950 1188 2046 petitione)
1203 1979 1212 2039 ;
1222 1954 1290 2044 sa-

216 2065 317 2132 cilem
328 2116 338 2148 ,
348 2064 460 2132 'Caius
475 2063 590 2130 Caesar
603 2058 749 2155 (addit.
761 2058 823 2159 tib,
836 2061 1042 2159 XIV,epist.
1058 2061 1120 2158 2),
1127 2064 1291 2159 pruden-

216 2179 393 2244 tissimum
405 2174 558 2254 Brutus,
573 2182 642 2239 'nec
657 2172 734 2239 ‘sine
749 2192 872 2257 causa3
886 2171 1188 2268 quandoquidem
1203 2199 1290 2270 qua-

214 2282 536 2354 tuordecim'annis
554 2279 622 2375 (ad
641 2285 712 2349 Att.
728 2281 749 2348 l.
763 2284 810 2367 X,
824 2282 926 2376 epist.
943 2284 984 2376 4)
1004 2297 1088 2352 aute
1102 2287 1292 2379 prospexit

215 2402 468 2490 tempestatem
485 2404 564 2459 eam
585 2412 658 2486 qua
671 2401 794 2460 eversa
807 2402 863 2459 'est
875 2390 1101 2486 respublim3
1120 2399 1292 2462 amantis-

213 2510 345 2573 simum
364 2501 527 2597 (Catilio.
539 2503 602 2585 IV,
613 2498 737 2596 capud)
750 2497 961 2596 reipublicae
979 2499 1147 2598 praedicat
1161 2504 1228 2572 uni
1241 2503 1291 2572 illi

216 2620 433 2682 conservatae
447 2613 597 2680 cititati's
609 2610 800 2706 gratulatio
814 2609 958 2680 decreta
969 2611 1198 2701 fidelitatem
1212 2614 1291 2707 ejus

214 2722 340 2792 'laudat
357 2721 522 2791 Plancius
542 2720 602 2815 (ad
625 2726 705 2790 Div.
726 2727 779 2807 X,
807 2718 854 2813 Δ).
881 2726 1011 2792 Parum
1031 2720 1133 2792 fortis
1147 2722 1292 2794 videtur

217 2831 449 2930 quibusdam,
463 2830 598 2927 quibus
612 2834 750 2926 optime
764 2831 953 2927 respondit
967 2835 1060 2927 ipse,
1075 2832 1125 2901 ait
1139 2834 1290 2921 Quintil.

218 2943 279 3015 lib.
299 2948 382 3032 XII,
410 2956 486 3039 cap.
507 2960 537 3028 i,
564 2944 675 3012 «Non
703 2967 740 3011 se
769 2941 941 3010 timidum
966 2945 1005 3011 in
1030 2945 1289 3040 suscipiendis,

219 3054 336 3125 sedin
354 3050 588 3150 providendis
608 3051 821 3147 perieulis»,
843 3050 950 3148 quod
976 3052 1145 3150 probavit
1171 3068 1290 3127 m‘or'te

218 3178 368 3260 quoque
397 3166 491 3259 ipsa,
524 3175 632 3259 quam
650 3162 949 3260 'praestantissimo
972 3167 1129 3260 suscepit
1154 3170 1287 3236 auimo.

215 3270 404 3342 infinitum
413 3290 489 3341 esse
498 3290 557 3342 me
567 3276 785 3369 oporteat,si
795 3274 1087 3366 gravissimorum
1095 3274 1289 3346 hominum

217 3383 423 3454 testimonia
434 3382 607 3476 ¹colligere
620 3381 727 3450 velim
744 3382 911 3450 universa
924 3435 933 3466 ,
946 3382 1086 3478 quibus
1105 3389 1288 3457 existima·

213 3498 309 3564 'tioui
328 3493 520 3562 hominum
538 3490 675 3560 Tullius
699 3489 911 3560 vindicatur.
933 3495 1037 3563 Unus
1054 3496 1100 3563 sit
1118 3519 1187 3590 pro
1208 3522 1287 3566 om-

217 3604 326 3675 nibus
348 3609 453 3688 Cato,
476 3604 540 3698 qui
560 3602 775 3698 integritatis
804 3605 855 3689 ei,
877 3603 1039 3696 justitia,
1070 3604 1288 3689 clementie,

216 3712 302 3785 fidei
322 3715 568 3783 testimonium
596 3711 722 3782 dedit:
745 3722 839 3782 iliius
861 3717 905 3782 sit
924 3714 1170 3802 Quintilianus
1195 3716 1288 3812 (ubi

212 3833 328 3922 's'upr'a
340 3827 369 3917 ),
385 3827 449 3920 qui
463 3848 583 3919 *quum
596 3822 686 3892 dixit
707 3824 890 3894 Ciceronis
907 3848 1025 3894 mores
1044 3851 1063 3894 a
1086 3827 1206 3896 multis
1229 3850 1287 3897 re-

217 3935 416 4033 prehensos
435 3931 564 4013 fuisse,
592 3958 668 4002 non
691 3935 904 4005 immoratur
925 3939 971 4005 iis
999 3936 1287 4008 accusationibus

215 4042 427 4126 referendis
435 4068 526 4139 quas
536 4067 579 4113 eo
588 4043 667 4139 ipso
676 4067 745 4140 pro
756 4042 894 4114 levibus
904 4059 942 4114 et
952 4048 1149 4142 uirgatoriis
1159 4045 1286 4117 haberi

215 4156 349 4228 debere
364 4152 557 4252 siguificat,
574 4155 637 4226 sed
653 4156 773 4225 statim
783 4155 1116 4250 subj·icit':egover0
1128 4158 1287 4228 «mret-
