2654 4822
314 320 511 408 onemo
535 325 637 393 eno
663 327 701 394 r.
722 320 963 413 omnmo.
1150 342 1176 414 9

125 443 321 541 cujusquam
337 443 490 538 gravitm
504 456 541 513 et
559 446 675 515 virtus
688 441 822 540 judicis
838 439 1057 512 consoletur.
1071 440 1177 510 Certe

126 569 173 624 aut
186 551 282 652 apud
306 566 360 639 te,
380 566 417 624 et
434 576 516 641 eos,
536 556 601 649 qui
618 552 686 625 tibi
705 552 859 640 adsunt,
879 552 1010 621 veritas
1025 547 1178 636 valebit3

88 730 93 777 ἰ,
126 677 226 734 autex
241 662 409 733 hocloco
426 663 569 760 repulsa
583 665 619 732 vi
642 677 679 735 et
692 665 822 760 gratia,
849 660 985 748 locum,
1009 657 1075 730 ubi
1091 682 1179 730 con·

88 782 92 815 ¹
130 774 222 861 sistat,
237 773 397 870 reperire
410 795 486 842 non
502 775 648 869 poterit.

164 886 201 952 Π.
229 886 313 956 Non
335 906 380 952 eo
401 879 483 952 dico
496 891 523 970 ¹,
554 887 593 954 C.
615 881 771 979 Aquilli,
787 905 864 979 quo
887 879 978 950 mihi
998 881 1121 951 veniat
1140 881 1179 950 in

132 988 261 1063 dubium
278 1007 342 1063 tua
357 989 448 1063 fides
465 1005 502 1063 et
517 996 740 1082 constantia,
761 1005 826 1062 aut
841 1015 917 1089 quo
940 1014 1016 1061 non
1035 992 1074 1060 in
1100 989 1181 1079 his,

91 1178 92 1183 .
132 1099 287 1195 quostibi
309 1099 512 1191 advocasti,
535 1104 622 1173 viris
638 1103 862 1174 electissimis
882 1102 1056 1187 civitatis,
1079 1124 1181 1197 spem

134 1231 287 1283 summam
312 1210 448 1281 habere
469 1216 508 1282 P.
526 1213 700 1300 Quintius
717 1209 859 1281 debeat.
883 1209 983 1306 Quid
1003 1233 1090 1306 ergo
1107 1211 1183 1280 est?

133 1320 268 1391 Primum
284 1318 502 1417 magnitudo
516 1321 669 1417 periculi
686 1343 831 1391 summo
848 1321 978 1391 timore
994 1319 1183 1391 hominem

134 1425 237 1519 afficit,
249 1429 352 1528 quod
364 1454 440 1500 uno
453 1429 595 1526 judicio
612 1429 657 1501 de
674 1428 855 1501 fortunis²
873 1429 1047 1501 omnibus
1061 1429 1184 1501 decer·

135 1540 189 1608 nit:
202 1540 313 1639 idque
331 1539 421 1611 dum
440 1543 593 1636 cogitat,
618 1566 694 1612 non
716 1543 838 1612 minus
861 1565 956 1638 saepe
978 1544 1012 1613 ci
1027 1545 1128 1612 venit
1143 1543 1182 1611 in

97 1694 99 1698 -
135 1665 269 1722 mentem
291 1653 480 1748 potestatis
491 1647 519 1739 ³,
539 1675 651 1748 quam
674 1655 853 1749 aequitatis
877 1667 965 1741 tuae3
989 1666 1203 1749 propterea·

134 1759 212 1854 quod
224 1786 370 1851 omnes,
381 1785 541 1858 quorum
553 1764 592 1832 in
607 1763 754 1833 alterius
771 1786 882 1832 manu
897 1764 972 1832 vita
987 1765 1105 1860 posita
1118 1777 1184 1851 est,

134 1873 239 1968 sapius
249 1870 342 1942 illud
356 1874 528 1968 cogitant,
540 1871 631 1968 quid
644 1874 812 1973 possitis,
823 1875 928 1969 cujus
941 1876 979 1944 in
992 1873 1131 1944 ditione
1143 1898 1186 1944 ac

133 1993 288 2073 potestate
305 1994 411 2071 sunt,
434 2004 545 2078 quam
561 1982 653 2080 quid
669 1980 803 2056 debeat
816 1983 944 2056 facere.
966 1984 1108 2057 Deinde
1124 1984 1187 2054 ha·

133 2084 179 2161 bet
193 2091 436 2162 adversarium
458 2096 497 2163 P.
515 2089 690 2182 Quintius
708 2095 821 2166 verbo
841 2099 920 2167 Sex.
941 2088 1126 2183 Naevium3
1146 2119 1185 2165 re

134 2219 213 2290 tera,
227 2200 383 2297 hujusce
399 2205 510 2272 aetatis
526 2201 693 2275 homines
719 2205 973 2278 disertissimos
983 2210 1012 2294 4,
1032 2203 1185 2276 fortissi-

134 2330 211 2401 mos,
225 2314 474 2383 ornatissimos
494 2329 626 2384 nostrae
640 2317 809 2405 civitatis,
829 2318 894 2414 qui
909 2317 1096 2387 communi
1113 2330 1187 2386 stu·

134 2415 191 2510 dio,
202 2425 354 2493 summis
370 2420 503 2524 opilius
514 2426 599 2523 Sex.
614 2427 779 2498 Naevium
795 2423 1016 2496 defendunt:
1032 2428 1061 2503 si
1077 2424 1117 2496 id
1132 2438 1187 2496 est

134 2525 322 2622 defendere,
335 2531 525 2630 cupiditati
541 2534 688 2606 alterius
705 2535 977 2632 obtemperare,
992 2559 1068 2633 quo
1086 2538 1117 2606 is
1134 2532 1152 2605 f
1170 2575 1186 2590 ·

134 2639 238 2733 cilius,
260 2667 373 2741 quem
391 2643 494 2732 velit,
512 2647 641 2741 iniquo
653 2641 809 2740 judicio⁵
829 2648 1036 2742 opprimere
1059 2644 1185 2743 possit.

133 2750 205 2822 Nam
219 2752 312 2850 quid
327 2752 400 2824 hoc
411 2755 594 2851 iniquius,
609 2768 673 2825 aut
683 2753 883 2851 indignius,
897 2759 936 2826 C.
948 2755 1102 2852 Aquilli,
1114 2753 1186 2826 dici

133 2877 181 2932 aut
192 2867 467 2934 commemorari
480 2878 613 2963 potest,
624 2889 736 2961 quam
750 2891 821 2954 me,
830 2868 896 2962 qui
909 2880 1019 2963 caput
1029 2866 1190 2952 alterius,

133 2965 248 3043 famam
275 2971 513 3071 fortunasque
537 2972 747 3064 defendam,
776 2977 898 3072 priore
923 2970 1027 3045 loco⁶
1045 2998 1190 3044 causam

134 3077 259 3154 dicere?
273 3109 390 3180 quum
406 3087 608 3182 pracsertim
622 3089 665 3176 Q.
680 3087 913 3173 Hortensius,
925 3087 990 3182 qui
1005 3082 1078 3155 hoc
1089 3082 1200 3182 judi·¹

159 3290 190 3340 ll.
201 3293 276 3341 1.MS
286 3291 450 3357 Folkenburg.
467 3291 631 3356 «Nequehoc
715 3293 739 3343 3.
756 3291 896 3340 Potestatis.
916 3291 1026 3340 Subeudi
1047 3292 1194 3342 recordatio.

134 3369 247 3429 codiee»,
260 3372 405 3435 elegantius.
419 3375 445 3421 J.
454 3373 487 3420 V.
498 3374 525 3420 L.
538 3373 578 3420 Sic
591 3387 632 3436 ep.
677 3371 739 3435 Quas
749 3371 838 3437 saepius
849 3381 981 3436 usurpatur
994 3371 1095 3436 ellipsis.

134 3445 215 3500 Terent.
236 3472 248 3494 ι
258 3452 346 3516 Neque
365 3467 395 3498 eo
412 3467 478 3499 nnnc
498 3451 570 3513 dieo,
583 3467 633 3516 quo
714 3460 740 3509 4.
749 3453 781 3514 Q.
791 3452 950 3499 Hortensium
964 3451 1055 3498 scilec
1067 3453 1094 3500 L.
1103 3451 1196 3514 Philip·

134 3528 251 3594 quidquam
272 3532 343 3580 illum
367 3533 508 3579 senserim».
522 3559 558 3570 -
573 3534 635 3582 Cor·
679 3547 747 3596 pum.
757 3531 795 3577 De
804 3545 855 3594 quo
865 3529 1003 3579 Horonlib.
1013 3533 1033 3590 1,
1043 3530 1196 3594 epist.7‚vs.

133 3608 196 3657 rectio
208 3612 376 3675 superiorum,
389 3627 436 3675 qua
446 3611 507 3658 vitat
517 3611 635 3659 offensio·
681 3613 725 3668 46.
740 3609 874 3657 Fortissimi
887 3610 1002 3657 dicuntur
1015 3609 1083 3673 quod
1096 3609 1198 3659 clientes

133 3697 176 3733 nem
181 3689 286 3749 judicis,
299 3705 374 3754 quem
384 3689 418 3735 ite
428 3688 503 3736 modo
517 3691 636 3751 laudavit,
680 3706 738 3738 suos
748 3704 833 3752 magna
849 3691 987 3737 constantia
997 3688 1145 3737 defendunt.
1157 3690 1198 3737 Sic

89 3822 90 3828 ἵ
133 3767 183 3813 uei
196 3767 308 3816 diffidere
319 3767 453 3816 uideretur.
681 3780 741 3817 orat.
752 3783 799 3832 pro
810 3768 864 3817 Mil.
878 3770 910 3827 8,
923 3789 936 3809 α
944 3768 1040 3816 fortiter
1049 3767 1186 3829 judicare».

160 3861 179 3892 a.
194 3847 316 3896 Fortunas.
334 3848 396 3896 Non
414 3847 493 3894 solum
512 3845 641 3895 debonis
716 3848 742 3896 5.
759 3846 850 3910 Inique
858 3846 968 3913 judicio.
983 3848 1071 3909 inique
1085 3848 1202 3893 eonstitu-

134 3923 252 3986 universis,
275 3925 414 3975 sedetiam
436 3924 467 3971 de
486 3924 581 3973 clientis
600 3942 637 3974 ca·
682 3926 894 3974 tozhocenimad
903 3926 1200 3991 praetoremBurrhienum

135 4000 186 4064 pite,
193 4005 240 4056 i.e.
253 4007 304 4055 vita
317 4005 396 4063 civili,
406 4005 467 4051 fama
481 4016 505 4052 et
518 4015 598 4065 statu;
609 4016 639 4054 ut
684 4006 798 4070 pertinet,
808 4021 861 4052 non
871 4005 901 4053 ed
911 4005 959 4052 hoe
964 4002 1200 4068 Aquilliijudiciom.

135 4077 176 4143 11³oe
187 4086 268 4149 paullo
280 4084 387 4135 inferius
399 4083 434 4132 eit
443 4092 533 4131 orator.
724 4085 749 4131 6.
759 4083 847 4133 Priore
860 4084 922 4132 loco.
933 4083 991 4132 Vid.
1001 4083 1104 4145 Atgum.
