2654 4822
123 403 256 422 mmm·
273 404 292 419 -ἱ
302 406 307 415 ·
317 410 322 420 ι
329 403 1185 434 ΜΜΜΜΩΜΜΜΜΜΜΜΜΜΜΜΜΜΜΜ

211 639 537 728 PRAEFATIO
570 642 613 728 N
622 639 737 728 OVI
769 643 1091 733 EDITORIS

293 806 355 914 na
379 851 643 916 croanorns
667 852 1011 919 onirronraus.

510 1091 796 1145 *aeeon-7

126 1269 366 1398 Nouium
399 1316 448 1395 de
484 1315 558 1392 hac
590 1314 761 1393 secunda
786 1317 990 1397 Ciceronis
1020 1348 1185 1426 operum

126 1463 248 1550 parte,
276 1470 356 1548 qua
383 1439 545 1547 quidem
577 1439 660 1545 ejus
691 1441 891 1519 orationes
917 1443 1185 1541 eontinentur,

126 1565 379 1673 praemissuris
406 1592 489 1641 non
519 1562 562 1642 id
586 1564 741 1643 consilii
765 1583 824 1643 est
848 1568 1118 1672 propositum,
1143 1587 1187 1647 ut

128 1709 273 1768 tantum
297 1705 517 1784 auctorem,
539 1686 636 1765 dum
658 1687 880 1826 legentibus
904 1691 1185 1770 commendan-

128 1813 212 1891 dum
232 1813 488 1918 arbitramur,
512 1809 729 1888 eumdem
719 1811 868 1916 nigenii
895 1812 1011 1918 culpa
1037 1812 1191 1891 detera-

127 1966 202 2014 mus
224 1954 264 2013 et
290 1933 493 2015 elevemus.
523 1933 579 2008 Ea
604 1932 709 2009 enim
733 1934 1068 2064 praestantissimis
1093 1937 1188 2014 viris

127 2086 303 2137 concessa
327 2056 412 2133 laus
435 2071 512 2151 est,
533 2071 578 2131 ut
595 2055 665 2161 qui
682 2082 749 2132 eos
769 2037 1188 2175 praedroandossusot
1185 2076 1213 2114 ⁵

129 2185 251 2287 piant,
273 2208 357 2258 non
382 2178 616 2256 temeritatis
645 2179 767 2283 magis
789 2207 911 2291 quarn
921 2181 1016 2282 vani
1016 2147 1209 2303 nigenii

129 2307 274 2412 eulpam
301 2302 484 2399 subeant,
514 2319 554 2379 et
580 2301 640 2379 sui
668 2302 851 2380 simulet
880 2260 1077 2380 allisioni-
1046 2303 1189 2386 “obliti

130 2456 199 2507 esse
214 2427 449 2506 videantur:
466 2425 616 2532 quippe
630 2453 699 2532 qm
689 2402 1191 2546 proprialrrbmilhuns

130 2553 367 2630 immemores
388 2547 438 2626 de
458 2549 556 2626 aetis
579 2546 698 2626 rebus
721 2566 761 2625 et
780 2523 1055 2648 seculoruln
1023 2545 1190 2629 auotori-

132 2691 197 2752 tate
221 2703 266 2751 ao
291 2688 483 2779 perpetua
506 2669 771 2747 admiratione
795 2671 1053 2768 consecratis,
1074 2676 1185 2781 quasi

135 2796 197 2899 jam
215 2795 446 2875 indubium
463 2810 666 2889 vocentur,
686 2791 877 2871 disserere
899 2793 1081 2872 audeant

85 2924 300 3045 Quem
320 2947 416 2996 vero
443 2945 630 3024 umquam
660 2917 784 3021 magis
811 2945 931 3024 quam
956 2918 1188 2997 Ciceronem

85 3004 170 3117 in
187 3042 407 3123 forensibus
428 3038 571 3120 studiis
586 3039 794 3146 aequalium
811 3039 1041 3137 admiratio,
1061 3042 1116 3119 ita
1131 3060 1189 3119 est

141 3185 381 3276 prosequuta,
408 3183 455 3243 ut
483 3162 584 3240 nihil
616 3161 830 3267 amplius
816 3191 897 3268 Jam
925 3164 1095 3268 posteris
1130 3166 1188 3242 fa-

84 3379 90 3387 ·
142 3290 305 3372 ciendum
329 3288 585 3397 superfuerit,
604 3313 725 3393 quam
747 3315 796 3364 ne
824 3288 866 3364 in
892 3305 1002 3366 tanto
1028 3305 1187 3366 aetatum
1232 3337 1237 3347 ·

142 3438 312 3495 consensu
345 3411 549 3491 novissimi
580 3410 786 3505 venirent,
821 3428 860 3488 et
890 3411 933 3488 in
965 3411 1039 3488 hac
1070 3412 1189 3490 veluti

142 3543 349 3619 transmissa
374 3535 637 3616 venerationis
678 3533 897 3612 hereditate
929 3563 952 3613 a
986 3536 1190 3642 prioribus

141 3665 359 3742 recentiores
387 3655 691 3765 superarentur?
719 3655 854 3761 Spirat
883 3657 988 3734 enim
1014 3660 1189 3767 vivitque

139 3781 238 3864 Tullii
264 3781 517 3864 orationibus
537 3779 745 3857 commissa
765 3779 823 3857 vis
843 3796 882 3856 et
903 3779 1030 3878 calor;
1055 3799 1094 3859 et
1117 3812 1190 3862 no-

138 3904 217 3990 biles
243 3912 316 3988 has
342 3934 476 4000 voees,
494 3905 641 4012 quibus
669 3904 786 3981 toties
816 3900 1025 3982 romamlr'n
1058 3906 1190 3984 forum

133 4035 353 4140 personuit,
381 4030 560 4137 quamvis
591 4046 743 4106 tacente
774 4028 839 4105 illa
869 4030 981 4135 quasi
1013 4032 1193 4136 corporis

215 4168 247 4231 I,
275 4177 320 4220 Cic.
331 4187 390 4234 pars
405 4169 512 4215 sectanda.
1050 4180 1073 4219 a
