2654 4822
447 374 580 442 NOVI
604 375 870 443 EDITORIS.
1153 380 1187 472 xj

131 496 257 591 elusit3
279 494 361 601 jam
380 491 431 571 ad
453 520 609 571 causam
623 493 751 590 uenit,
772 493 853 600 jam
865 494 1030 573 Verrem
1052 525 1190 602 aggre-

128 617 246 714 ditur,
270 634 406 722 urget,
423 615 577 712 obruit,
600 615 795 722 supplicio
812 605 988 724 quodam
1006 618 1189 700 humanis

128 741 275 848 legibus
292 740 442 846 majore
458 739 603 836 afficit3
622 741 719 817 etin
734 767 872 818 omnes
888 739 1189 848 indignationis,

126 865 227 962 odii,
247 862 426 958 invidiae,
450 861 731 941 misericordiae
750 863 915 942 affectus
933 868 1124 972 assurgit,
1145 887 1191 946 ut

124 1016 208 1066 rere
227 1021 247 1060 (ε
259 986 370 1065 dono
379 984 554 1093 quodam
564 985 826 1092 providentiae
839 988 1013 1092 genitum
1027 1022 1047 1062 a
1059 991 1188 1069 virum

124 1111 247 1206 dicas,
271 1111 346 1186 «in
369 1137 450 1216 quo
473 1127 576 1187 totas
593 1109 697 1186 vires
717 1136 806 1188 suas
828 1109 1052 1216 eloquentia
1071 1142 1188 1220 expe-

128 1253 318 1312 l'lretur».

173 1360 348 1450 Verum,
380 1383 429 1433 ne
461 1384 483 1432 a
517 1356 728 1460 proposito
759 1354 910 1434 diutius
944 1357 1191 1458 aberremus,

127 1483 260 1588 paucis
282 1476 556 1557 admonendus
576 1479 715 1576 lector,
738 1507 816 1587 qua
839 1481 993 1558 ratione
1009 1502 1192 1562 nostrum

128 1604 221 1684 illud
238 1631 341 1710 opus
362 1602 651 1709 digesserimus.
675 1605 735 1681 Ita
751 1602 869 1681 nobis
888 1603 1046 1684 abunde
1062 1611 1192 1686 omnis

129 1729 280 1834 generis
298 1726 578 1832 superfuerunt
590 1724 756 1822 auxilia,
780 1742 827 1801 ut
849 1726 891 1802 in
911 1727 985 1805 hac
1005 1754 1047 1806 re
1067 1758 1191 1808 unum

129 1853 240 1930 nobis
254 1845 507 1929 subeundum
520 1848 572 1927 sit
583 1847 754 1943 crimen,
773 1847 912 1926 nciliis
929 1850 1007 1956 ipsi
1022 1850 1192 1933 defuisse

128 1963 342 2054 videamur.
373 1973 431 2049 Ut
454 1970 559 2048 enim
584 1969 670 2047 illas
695 1971 738 2048 in
764 1971 968 2050 Ciceronis
992 1976 1192 2056 orationes

128 2096 500 2176 commentariorum
528 2092 792 2172 bibliothecas
826 2095 1073 2197 omittamus,
1103 2128 1191 2206 quae

129 2219 322 2329 quidquid
342 2219 437 2297 olim
456 2216 506 2296 de
525 2217 717 2294 Cicerone
741 2217 784 2293 in
806 2235 1016 2326 utramque
1036 2239 1189 2328 partem

132 2343 231 2423 docti
252 2343 520 2449 disputavere,
542 2357 671 2417 totum
685 2341 907 2437 continent,
924 2360 964 2455 et
978 2342 1191 2448 legentium

132 2468 266 2548 studiis
279 2466 331 2545 ad
347 2465 565 2543 satietatem
579 2464 807 2560 consulunt3
822 2492 914 2541 vera
935 2465 1054 2546 nobis
1073 2467 1194 2547 admi-

131 2593 252 2670 nicula
277 2587 484 2696 praebuere
510 2604 595 2664 tum
622 2588 665 2663 P.
685 2586 876 2684 Manutii,
903 2615 1020 2695 quem
1049 2594 1190 2699 saepius

131 2714 263 2794 ducem
283 2712 440 2820 sequuti
459 2739 608 2807 sumus,
626 2711 813 2816 impensae
825 2710 958 2790 Tullio
976 2714 1134 2819 vigiliae,
1153 2736 1192 2795 et

131 2839 271 2917 Graevii
284 2836 464 2928 ubertas,
479 2835 548 2941 qui
566 2833 661 2912 dum
673 2851 824 2912 ceteros
840 2835 980 2914 recitat
993 2855 1190 2936 auctores,

131 2962 306 3067 plurimis
319 2959 416 3037 locis
429 2976 470 3036 et
484 2959 570 3064 ipse
584 2956 707 3035 facem
719 2957 906 3063 praetulit,
924 2976 1010 3035 tum
1021 2963 1190 3040 maxime

133 3085 210 3163 Nic.
223 3089 462 3163 Dnsrannms
475 3079 602 3175 labor,
615 3081 697 3186 qui,
717 3107 955 3186 quamquam
971 3079 1021 3157 ab
1034 3082 1191 3164 Oliveto

133 3207 338 3304 fastiditus,
353 3239 372 3276 u
384 3204 497 3313 quasi
509 3202 610 3280 nihil
628 3203 719 3280 novi
737 3201 921 3299 afferat»,
937 3203 1026 3309 plus
1036 3205 1086 3283 ad
1099 3207 1187 3285 illu-

132 3331 332 3410 strandum
342 3330 572 3409 Ciceronem
581 3327 686 3404 solus
694 3326 779 3431 ipse
790 3325 923 3422 valuit,
933 3352 1052 3434 quam
1063 3330 1187 3435 pluri-

132 3478 282 3534 morum
299 3452 509 3531 ambitiosa
526 3449 738 3555 congeries.
754 3450 858 3526 Huic
869 3451 1087 3554 praesertim
1109 3455 1189 3532 hae-

133 3581 268 3674 simus,
291 3577 410 3682 hujus
434 3575 576 3682 saepius
608 3591 723 3651 notas
749 3573 1030 3678 expressimus,
1056 3602 1191 3657 sensus

131 3701 346 3795 hausimus,
368 3700 425 3775 ita
453 3715 583 3775 tamen
608 3714 673 3792 ut,
702 3722 783 3772 non
813 3697 1100 3777 recentioribus
1130 3728 1192 3780 ue-

131 3825 278 3928 giectis,
290 3819 488 3929 quidquid
497 3819 610 3926 ¹apud
626 3820 756 3896 minus
772 3818 943 3925 antiquae
960 3839 1066 3898 notae
1083 3851 1198 3931 com-¹

134 3963 366 4025 mentatores
391 3942 644 4051 probandum
672 3940 789 4018 nobis
815 3961 1059 4040 occurreret,
1085 3946 1190 4024 ultro

133 4069 400 4177 receperimus.
422 4065 486 4144 Sic
507 4093 625 4170 opem
645 4064 769 4143 tulere
787 4064 1006 4163 Ferratius,
1030 4067 1192 4147 Grono-

1062 4217 1095 4260 α.
