2654 4822
347 348 559 419 Nlcolat
591 349 915 418 DESJARDINS.
1090 351 1170 416 xxix

120 472 219 545 oratio
237 470 586 568 elegans,'incitata,
608 469 777 543 volubilis
789 462 833 538 »τ’
850 469 912 541 sed
931 493 1011 566 quar
1033 469 1169 540 redun-

126 579 212 666 dans,
232 595 270 650 et
286 579 542 651 circumfluens
564 579 752 651 nonnullis
772 572 849 651 esse
865 578 1059 651 videretur.
1082 584 1172 649 Om-

125 691 207 760 nium
225 687 379 760 vocibus
396 688 618 761 celebratum
640 702 693 760 est
711 689 813 785 quod
830 691 998 760 Ciceroni
1019 685 1068 758 ob
1094 711 1171 758 eam

129 823 187 869 rem
205 800 419 894 objecerunt
436 800 496 869 vel
512 799 667 893 aequales
683 799 780 893 ejus,
801 797 951 885 Calvus,
970 811 1006 868 et
1022 802 1173 881 Brutus,

128 906 174 979 ille
181 913 318 982 Caesaris
330 909 647 1007 percussor,Tullii
660 909 813 996 amicus;
825 908 988 980 Solutum
1002 931 1088 979 eum
1097 931 1174 978 esse

130 1032 338 1105 etmervcrm
347 1033 422 1106 ant,
436 1033 477 1089 ut
490 1019 604 1115 ipsius
613 1021 712 1088 Bruti
730 1016 850 1088 verbis
857 1031 954 1103 utar,
963 1031 1173 1113 «tamquam

130 1126 257 1200 fractum
272 1144 310 1200 et
327 1127 548 1199 elumbem».
562 1131 634 1198 «Μ.
648 1127 825 1214 Tullium,
845 1130 896 1198 ait
905 1126 1036 1198 Fabius
1047 1137 1073 1215 ¹,
1093 1151 1176 1201 suo-

130 1253 401 1335 rumtemporum
409 1235 1178 1331 hominesincessereaudebantuttumidio-

129 1369 188 1416 rem
201 1363 236 1420 et
246 1350 439 1434 Asianum,
452 1362 488 1417 et
498 1345 783 1435 redundantem,
798 1350 883 1418 etin
896 1346 1176 1444 repetitionibus

130 1459 293 1529 nimium...
316 1463 413 1529 etin
436 1458 702 1554 compositione
724 1455 898 1542 fractum,
915 1457 1175 1543 exsultantem,

128 1590 280 1665 acpaene,
298 1566 400 1664 quod
423 1568 549 1665 procul
572 1566 683 1654 absit,
701 1570 781 1637 viro
802 1566 1045 1638 molliorem».
1067 1566 1177 1638 Addit

131 1676 353 1763 Quintilianus
370 1677 473 1748 illum
490 1680 612 1774 ipsum
625 1676 784 1746 Tullium
802 1679 866 1773 qui
891 1702 911 1747 a
927 1679 982 1748 sui
1001 1682 1177 1775 temporis

131 1783 317 1859 hominibus
335 1788 427 1858 male
444 1787 607 1858 audierat
625 1786 676 1858 oh
692 1790 824 1858 nimios
843 1787 968 1874 flores,
986 1801 1023 1858 et
1041 1788 1178 1884 ingenii

131 1892 344 1986 affluentiam,
367 1896 536 1969 eumdem
555 1921 632 1967 aevo
649 1922 717 1968 suo
735 1899 848 1994 ipsius
864 1898 1033 1993 jejunum
1053 1912 1089 1969 et
1105 1902 1176 1968 ari·

129 2002 198 2079 dum
214 2010 381 2080 habitum
398 2007 518 2079 fuisse.
538 2007 642 2078 Adeo
659 2006 763 2079 facile
784 2011 1033 2104 corrumpitur
1048 2006 1176 2101 judicii

132 2115 295 2191 salubritas
309 2118 368 2189 illa
380 2144 461 2216 quae
477 2149 494 2184 (ι
505 2132 559 2188 est
578 2117 739 2189 medium
753 2120 929 2189 vitiorum
941 2133 977 2197 et
991 2121 1176 2214 utrimque

132 2225 298 2300 reductum
308 2258 337 2297 ».
348 2231 469 2324 Pergit
482 2225 632 2298 Fabius:
646 2231 949 2325 «Praecipuevero
965 2242 1177 2326 presserunt

135 2355 194 2406 erm
212 2343 275 2436 qui
293 2336 406 2408 videri
426 2338 630 2408 Atticorum
650 2340 849 2411 imitatores
876 2343 1175 2436 concupierant».

134 2444 194 2516 Non
211 2474 297 2546 ergo
314 2452 352 2518 in
372 2472 504 2544 genere
518 2450 703 2520 Ciceronis
720 2447 788 2519 suit
805 2447 915 2536 illud,
935 2447 1037 2543 quod
1054 2452 1087 2518 ei
1106 2449 1175 2519 ob·
1193 2486 1198 2497 ·

131 2548 293 2642 jiciebatur
309 2561 486 2629 orationis
496 2559 687 2645 vitium,at
701 2561 739 2627 in
750 2557 1176 2654 eorumopinionefuisse

132 2660 405 2761 deprehenditur,
424 2672 488 2764 qui
505 2670 719 2740 Ciceronem
733 2666 972 2755 damnabant,
991 2672 1094 2764 quasi
1116 2684 1174 2739 tu-

131 2774 298 2850 midiorem
315 2793 354 2850 ct
365 2780 482 2849 Asiani
499 2780 644 2872 generis
657 2777 848 2864 aemulum,
865 2777 967 2874 quod
984 2777 1030 2849 ab
1046 2803 1090 2850 eo
1113 2798 1177 2875 ge‘-

131 2902 196 2957 nere
214 2887 360 2960 dicendi
384 2886 590 2970 recederet,
614 2886 716 2982 quod
743 2891 813 2986 ipsi
835 2886 905 2959 sibi
928 2913 972 2960 ex
990 2905 1177 2960 oratorum

131 2994 308 3071 Atticorum
325 3000 527 3069 imitatione
547 2996 784 3068 effinxerunt:
801 2996 903 3093 quod
921 3023 1037 3094 genus
1059 3022 1177 3068 unum

131 3108 286 3198 optimum
298 3134 387 3196 esse,
396 3109 483 3205 quia
493 3107 661 3177 videlicet
671 3107 716 3177 ab
727 3109 854 3179 Atticis
865 3107 1070 3179 oratoribus
1082 3123 1178 3179 esset

131 3213 397 3317 adhibitum,ipsi
406 3214 802 3315 quumarbitrarentur,
810 3216 1026 3287 onmealiud
1034 3215 1176 3287 dicendi
1239 3253 1245 3265 ·

132 3345 234 3418 genus,
250 3356 326 3400 non
341 3329 395 3399 uti
412 3330 601 3414 vitiosum,
616 3326 680 3396 sed
696 3325 796 3422 quod
811 3351 886 3397 non
901 3341 994 3398 esset
1004 3331 1177 3414 Atticum,

132 3427 287 3511 fastidiose
309 3436 552 3535 respuebant:
571 3438 672 3533 quasi
685 3440 801 3507 Attica
813 3440 929 3508 oratio
950 3437 1178 3510 commenda·

132 3541 245 3619 tionem
261 3548 397 3620 habere
418 3546 517 3646 apud
536 3546 720 3618 auditores
739 3547 816 3617 sola
838 3546 1031 3619 debuisset.
1060 3552 1176 3620 Exsti-
1209 3628 1215 3640 ‚

98 3731 100 3735 y
132 3661 231 3728 terunt
244 3660 344 3729 enim
351 3663 474 3728 Romae
487 3671 653 3754 tempore
664 3658 848 3728 Ciceronis
860 3656 1021 3728 oratores
1029 3658 1178 3755 quidam

133 3763 219 3856 aridi,
230 3784 340 3866 atque
362 3767 498 3862 jejuni,
518 3769 581 3863 qui
599 3792 636 3838 se
650 3769 831 3854 «Atticos,
850 3781 960 3865 atque
975 3769 1177 3839 Atticorum

162 4031 178 4063 1·
190 4021 240 4071 tit».
251 4026 314 4079 ΧΠ,
335 4038 391 4086 cap.
410 4040 449 4072 ro.
468 4028 536 4072 Inter
555 4023 701 4072 recentiores
716 4023 772 4071 vide
789 4024 861 4070 etiam
881 4032 994 4070 nostrum
1010 4022 1179 4083 Montanium,

135 4099 199 4156 Euat,
210 4110 238 4159 de
250 4111 411 4177 Memmique,
426 4113 469 4182 lib.
478 4114 518 4176 11,
532 4129 587 4177 cap.
602 4128 645 4172 10,
660 4129 715 4178 pag.
729 4114 791 4174 146,
805 4113 865 4162 edit.
881 4112 963 4175 1669,
976 4111 1059 4159 itt-12.
