2654 4822
268 368 871 456 NICOLAIDESJARDINS.
987 389 1105 484 xxxvij

38 506 135 577 tem?
162 507 215 576 Sit
236 529 363 576 cursus
386 506 424 574 in
453 507 616 577 oratione
636 507 834 595 incitatior,
856 508 917 579 sed
948 511 1110 583 modesta

39 629 74 684 et
94 613 283 685 moderata
311 615 359 684 sit
387 615 575 711 ingressio.
602 613 735 686 Prodat
759 621 852 686 sein
876 623 1110 694 contentione

42 723 265 821 eloquentia,
283 723 348 795 sed
366 724 572 796 occultetur
592 727 629 793 iu
651 724 821 813 exordi03
840 729 959 798 necin
975 734 1111 828 princi-

43 836 123 932 piis,
150 837 223 906 nisi
245 835 293 906 ab
314 842 437 933 Apro,
460 851 498 907 et
521 836 566 906 ab
600 835 678 929 ejus
699 835 917 932 aequalibus,
942 840 1109 933 jactetur.

45 944 117 1014 vid.
140 946 297 1036 Quintil.
317 951 384 1033 lv,
408 970 437 1016 1.

86 1060 204 1126 Venio
222 1079 324 1126 nunc
337 1053 382 1125 ad
400 1057 642 1142 narrationes,
662 1058 700 1125 in
719 1055 855 1153 quibus
871 1055 999 1154 longus
1013 1065 1113 1157 Apro

47 1163 178 1236 ridetur
210 1190 288 1236 esse
325 1163 474 1235 Tullius.
510 1168 693 1255 Quoniam
726 1191 803 1236 non
835 1171 943 1238 unius
972 1174 1112 1266 generis

50 1272 355 1362 fileruntcausae,
388 1299 479 1371 quas
502 1275 548 1345 ad
579 1300 616 1346 se
649 1276 784 1347 delatas
812 1280 967 1375 recepit,
996 1281 1034 1350 iu
1062 1283 1113 1352 eis

51 1382 143 1456 luisse
161 1385 376 1471 nonnullas,
406 1409 487 1480 quae
506 1402 624 1456 essent
649 1385 828 1478 ejusmodi
848 1401 890 1457 ut
909 1387 1112 1485 longiorem

53 1498 282 1566 narrationem
307 1496 553 1592 requirerent,
578 1495 769 1565 verisimile
794 1509 858 1566 est.
880 1500 950 1565 Tot
971 1497 1110 1594 legum,
1219 1514 1223 1527 '

53 1618 96 1674 tot
113 1607 332 1693 edictorum,
351 1619 405 1675 tot
420 1608 621 1693 rationum,
636 1605 757 1702 qualia
779 1619 865 1676 sunt
882 1608 921 1675 in
937 1611 1112 1680 orationi·

56 1712 185 1814 haspro
201 1719 359 1803 Caecina,
372 1740 441 1813 pro
453 1715 641 1801 Cluentio,
662 1715 756 1785 libro
769 1717 876 1786 tertio
890 1719 928 1787 in
942 1721 1113 1808 Verrem,

60 1838 84 1893 et
97 1852 170 1922 quae
185 1825 395 1923 siugulatim
414 1825 651 1923 expendenda
670 1840 790 1911 erant,
809 1826 947 1924 prolixa
965 1853 1114 1902 enume-

61 1937 130 2008 ratio
141 1961 218 2007 non
234 1950 377 2034 poterat
391 1935 552 2007 breviter
572 1936 744 2032 expediri.
769 1943 894 2034 Longa
909 1954 1008 2027 suut,
1026 1943 1113 2037 quia

12 2073 14 2088 ·
62 2045 177 2142 singula
202 2061 291 2118 sunt
309 2044 501 2142 diligenter
526 2046 749 2144 explicanda.
777 2049 902 2143 Longa
924 2064 1026 2148 spnt,
1051 2066 1115 2121 aut

11 2169 15 2179 '
63 2155 226 2243 videntur,
257 2158 345 2252 quia
374 2155 472 2226 nuda
493 2170 594 2243 sunt,
624 2170 660 2226 et
678 2159 800 2226 ornari
822 2173 965 2255 negant.
977 2163 1113 2231 Verum

10 2301 11 2304 ¹
64 2263 112 2335 ista
128 2267 277 2337 minime
296 2264 434 2336 debent
454 2270 493 2336 iu
511 2267 730 2336 Ciceronem
751 2265 956 2338 transferri:
971 2272 1116 2366 propria

12 2389 17 2399 ’
66 2390 128 2446 sunt
142 2400 276 2461 causae,
297 2374 342 2446 de
367 2400 441 2473 qua
467 2374 604 2473 pendet
624 2376 689 2472 qni
712 2400 792 2446 eam
811 2377 954 2473 recipit,
975 2393 1108 2452 orator.

10 2499 16 2510 ·
66 2483 110 2555 lla
133 2491 158 2557 si
187 2489 328 2583 respuit
352 2486 510 2556 oratoria
532 2499 746 2556 ornamenta
771 2484 931 2574 dicendi,
958 2485 1028 2557 hoc
1058 2506 1111 2562 sat

11 2600 16 2629 ²
58 2597 114 2665 ¹‚erit
135 2612 318 2669 oratorem
339 2621 417 2668 eam
441 2594 652 2693 explicuisse
675 2609 840 2665 accurate
869 2611 906 2666 et
935 2594 1110 2672 dilucide:

13 2734 15 2744 Α
67 2703 171 2804 inquo
191 2709 320 2779 Cicero
343 2707 556 2802 neutiquam
576 2729 662 2775 sane
689 2719 743 2774 est
771 2704 1107 2801 reprehendendus.

10 2907 11 2913 ἵ
69 2815 95 2884 lt
115 2817 173 2889 ubi
196 2817 307 2888 nullis
325 2817 398 2912 jam
430 2815 601 2886 conclusa
625 2812 864 2884 formularum
883 2816 1113 2912 captionibus

12 2941 15 2948 '
70 2929 159 3007 oratio
188 2941 310 3025 potest
335 2925 480 3023 longius
503 2925 662 3021 evagari,
693 2937 829 3019 quanta
854 2925 1113 2997 sententiarum

11 3038 14 3076 ³
69 3036 235 3126 gravitate!
262 3052 400 3134 quanto
419 3035 616 3106 verborum
634 3030 818 3131 pondere!
838 3048 972 3129 quanta
991 3060 1113 3106 rerum

10 3159 13 3170 '
69 3152 149 3243 copia
177 3173 215 3219 se
239 3147 393 3245 explicat
421 3147 460 3214 in
478 3145 641 3214 Verrinis
666 3143 857 3238 postremis
884 3143 1044 3233 duabus3
1075 3151 1113 3218 in

10 3255 13 3296 ⁵
69 3257 271 3329 orationibus
299 3282 367 3355 pro
395 3255 534 3342 Sextio,
561 3278 629 3351 pro
654 3253 811 3341 Milone,
835 3252 1032 3354 Philippica
1059 3284 1113 3330 se-

10 3360 12 3404 *
70 3367 181 3440 cunda!
201 3372 341 3459 Quem,
354 3367 424 3437 nisi
438 3389 565 3436 sensus
578 3365 781 3434 communis
796 3364 902 3462 plane
916 3382 1115 3462 expertem,
1135 3446 1140 3455 ,

10 3490 11 3497 ’
70 3472 206 3549 delirum
220 3479 358 3551 nonita
373 3477 531 3548 detineat
537 3476 759 3573 narrationis
770 3477 888 3544 nativa
894 3475 1113 3568 jucunditas,

10 3591 12 3623 ³
69 3597 97 3654 ut
110 3613 182 3659 eam
193 3588 470 3661 vel‘breviorem
483 3612 560 3658 esse
578 3611 654 3656 non
671 3586 865 3682 queratur?
877 3589 1002 3684 Longa
1015 3591 1114 3660 enim

10 3694 11 3728 ³
70 3699 260 3794 appellanda
283 3724 360 3769 non
380 3712 433 3769 est
453 3698 609 3768 narratio
630 3698 667 3767 in
688 3721 761 3793 qua
781 3721 854 3766 non
876 3697 958 3795 plus
982 3701 1114 3780 verbo·

10 3808 12 3839 ³
71 3827 134 3880 nnn
151 3827 204 3884 est
225 3835 338 3910 quam
353 3833 499 3881 necesse
516 3812 572 3880 sit.
596 3812 647 3878 Ea
665 3823 720 3878 est
740 3810 896 3899 oratoria
918 3810 1009 3880 ratio
1028 3835 1116 3882 con·

10 3930 12 3939 ’
45 3953 47 3959 ’
74 3930 148 3992 stans
165 3936 201 3994 et
217 3934 397 4020 perpetua
411 3920 606 3991 Ciceronis.
629 3924 720 3988 Rem
736 3932 856 3988 narrat
870 3915 990 3988 verbis
1007 3944 1116 4015 qnam

10 4056 11 4070 ¹
75 4043 168 4117 potest
181 4028 385 4104 lectissimis
404 4045 440 4102 et
454 4032 683 4128 gravissimis,
704 4054 779 4126 quo
793 4026 953 4123 judicem
973 4029 1118 4100 doceat:

10 4150 11 4159 ’
77 4157 155 4231 mor,
172 4162 212 4218 ut
234 4159 298 4216 arat
322 4141 446 4212 odium
462 4140 667 4212 adversario
687 4139 916 4228 conficiatur,
935 4155 997 4211 ant
1009 4140 1120 4236 judex
