2654 4822
350 361 952 429 NICOLAIDESJARDINS.
1101 363 1186 456 xxiij
1244 318 1246 323 ⁴

123 485 167 554 lio
179 483 334 554 defuisse
349 508 423 553 non
442 484 549 555 video
564 483 690 554 inulla
705 488 807 580 parte
816 485 906 555 ‘civis
921 485 1050 582 optimi
1065 487 1189 558 voluti-

125 602 236 684 t'atem.
261 595 485 664 Testimonio
505 599 560 663 'est
582 604 683 662 actus
707 592 931 665 nobilissime
956 594 1187 671 consulatus:

126 705 345 800 integerrime
361 704 550 801 provincia
568 701 835 790 administrata3
857 717 894 772 'et
911 704 1122 801 repudiatus
1137 708 1186 775 vi-

128 816 377 914 ginti-viretum
390 828 427 884 et
435 812 601 884 civilibus
612 812 718 884 bellis
732 828 852 910 neque
866 834 942 912 sp‘e,
951 832 1073 912 'neque
1087 832 1188 888 metu

131 924 317 996 declinatus
336 926 493 1009 animus,
508 925 705 1020 quominus
724 946 762 994 se
782 923 928 1020 optimis
946 923 1188 1020 partibus,‘id

132 1049 183 1121 est,
191 1033 399 1133 reipublice
404 1035 575 1130 jungeret
584 1064 611 1101 »·.
623 1022 727 1105 Unus
739 1035 784 1103 sit
798 1052 865 1130 pro
878 1033 1050 1106 omnibus
1063 1037 1107 1124 Q.
1119 1041 1186 1107 Ca-

133 1144 215 1216 tulus
233 1145 246 1232 (
261 1130 332 1215 ris.
349 1144 415 1238 3),
447 1150 561 1241 aquo
581 1152 634 1214 est
645 1155 788 1242 parens
805 1150 942 1240 patrica
964 1144 1185 1218 nominatus.

134 1256 171 1324 ll.
183 1258 291 1326 Curio
308 1255 375 1351 (ad
389 1259 461 1327 Att.
478 1259 513 1340 I,
538 1251 623 1350 15),
645 1255 709 1349 qui
728 1252 962 1323 'consulatum
989 1254 1091 1324 illum
1110 1257 1188 1351 ejus
1300 1291 1304 1300 ·

134 1363 284 1431 ἁποθέωὰιν
319 1359 482 1431 vocabat.
510 1357 686 1430 'Claudius
720 1363 918 1455 imperator
945 1360 1118 1456 (Sueton.
1148 1367 1187 1432 in

133 1471 172 1541 d.
191 1490 267 1569 cap.
283 1475 323 1556 lit
340 1471 373 1566 l,
392 1472 458 1567 qui
477 1470 662 1540 Ciceronis
684 1467 936 1540 defensionem
955 1475 1187 1569 composuit;

133 1580 319 1653 Alexander
333 1585 484 1651 Severus
496 1578 696 1676 (Lamprid.
708 1581 746 1648 in
756 1580 921 1674 Severo),
933 1581 998 1676 qui
1008 1580 1089 1674 ejus
1099 1585 1189 1653 ima·

133 1695 235 1786 giuem
263 1695 303 1762 in
324 1693 454 1762 larario
476 1689 615 1760 habuit.
636 1686 838 1760 Audiantur
856 1693 965 1760 etiam
993 1694 1189 1788 superioris

133 1798 203 1872 huic
221 1816 357 1872 nostrae
383 1801 494 1870 aetatis
515 1801 728 1895 scriptores,
756 1799 961 1888 Lutherus,
982 1806 1150 1872 Erasmus
1163 1815 1188 1889 ¹,

118 1913 309 1998 latomus,
336 1913 418 2007 qui,
444 1910 527 1981 licet
544 1908 784 1980 admiratione
798 1908 1065 2007 obstupefacti,
1083 1915 1188 1984 'Cice-

134 2022 215 2091 ronis
228 2021 347 2091 amori
362 2018 571 2117 plusculum
592 2020 716 2104 etiam,
735 2044 848 2116 quam
862 2021 1030 2092 concedit
1043 2025 1188 2109 veritas,

135 2128 332 2228 largiantur,
361 2120 547 2200 Ciceronis
577 2132 734 2199 animani
768 2129 867 2228 apud
899 2154 1050 2228 superos
1078 2133 1188 2202 vitam

138 2243 277 2334 quietam
297 2252 403 2338 agere
424 2254 669 2336 speraverunt.

173 2354 285 2424 'Altera
315 2356 354 2421 in
383 2354 595 2422 Ciceronem
628 2352 808 2420 accusatio
833 2366 902 2421 est.
933 2353 1106 2446 lngenm,
1132 2354 1189 2422 in-

139 2463 269 2555 quiunt,
294 2461 366 2531 fuit
394 2463 607 2557 arroganti:
638 2458 721 2529 data
748 2458 913 2555 qualibet
936 2463 1129 2532 occasione
1152 2489 1192 2533 se

138 2573 307 2669 magnifice
323 2573 451 2666 jactat,
468 2586 505 2641 et
526 2584 686 2641 ostentat
703 2568 969 2639 intolerantius.
990 2570 1189 2642 Fatendum

138 2686 196 2752 tit²
215 2684 251 2753 iri
268 2683 338 2752 hac
350 2688 454 2778 palte
468 2679 728 2777 reprehensum
744 2702 820 2747 non
834 2676 1066 2750 mediocriter
1082 2679 1192 2753 fuisse

139 2792 359 2864 Ciceronem:
377 2802 598 2887 quamquam
616 2790 646 2857 is
662 2787 814 2884 'quidem
837 2810 958 2858 rerum
974 2814 996 2858 a
1019 2813 1057 2860 se
1078 2807 1191 2886 gesta-
1270 2778 1272 2802 '

139 2922 200 2972 turn
217 2904 346 2997 major,
364 2909 474 2998 quam
489 2901 706 2998 eloquentiae
716 2897 787 2968 fuit
801 2899 964 2992 jactator.
980 2903 1060 2968 Imo
1074 2925 1189 2995 quum

93 2999 96 3005 ¹
136 3014 329 3110 arrogantiae
341 3016 523 3082 'sitcornes
535 3008 837 3094 invidia,tantum
851 3007 952 3078 abest
969 3007 1015 3078 ab
1027 3012 1190 3096 eovitio,

87 3186 92 3198 ,
133 3123 218 3216 'quod
247 3124 340 3195 solet
368 3123 527 3194 lacerare
550 3113 765 3216 plerosque,
788 3133 823 3188 et
848 3118 947 3213 quod
972 3119 1034 3189 alit
1056 3125 1188 3191 artium

132 3234 396 3331 studiorumque
423 3233 525 3330 quasi
552 3225 727 3298 finitima³
750 3229 928 3315 vicinitas,
960 3245 1001 3299 ut
1023 3232 1189 3302 adversa·

132 3343 254 3414 riui-dm
274 3345 438 3443 patronis
460 3341 705 3439 plenissimam
729 3337 904 3408 concedat
926 3340 1189 3436 eloquentiam

132 3452 305 3549 ingenium
316 3453 386 3524 sibi
397 3468 432 3523 et
442 3449 584 3522 dicendi
594 3447 800 3519 facultatem
810 3447 975 3519 modeste
989 3449 1190 3540 detraham

132 3584 275 3654 qnorum
286 3563 442 3660 ’quidem
459 3562 539 3631 loco
558 3561 606 3628 ait
623 3584 661 3628 se
680 3558 903 3654 diligentiam
922 3574 958 3628 et
971 3560 1188 3632 industriam

162 3793 180 3824 1.
194 3777 268 3841 Apud
282 3778 379 3826 Fabric.
393 3776 511 3824 Biblioth.
525 3777 577 3822 Lat.
591 3773 677 3839 Suppl.
691 3785 751 3822 tom.
763 3776 784 3819 1.
875 3801 879 3808 ·

160 3875 182 3906 a.
197 3863 299 3925 Quintil.
312 3865 365 3919 xl,
384 3878 409 3907 ι.
684 3894 687 3899 -

161 3944 181 3992 3.
196 3946 286 3993 Notum
303 3957 340 3993 est
353 3944 419 3991 illud
433 3943 549 4000 llesiodi,
567 3940 668 4004 Figulus
682 3939 759 4005 figulo
780 3943 883 3990 infestus
901 3953 948 3998 est,
970 3953 993 3989 ut
1016 3943 1084 3990 fabro
1106 3944 1188 3994 faber:

134 4028 243 4077 mendicus
256 4031 371 4078 mendico
385 4024 494 4082 invidet,
509 4038 533 4073 et
544 4025 617 4090 poeta
632 4034 720 4089 poetae.
735 4029 863 4090 Operi).
876 4044 910 4074 vs.
922 4028 965 4073 25.

161 4120 181 4166 t.
192 4100 246 4162 vid.
261 4130 305 4177 pro
318 4114 410 4176 Quint.
418 4113 480 4171 ‘cap
498 4126 523 4181 1,
535 4127 562 4165 a,
579 4119 603 4155 et
615 4124 663 4172 pro
673 4111 750 4159 Areh.
760 4123 847 4173 poeta,
859 4127 915 4174 cap.
929 4125 953 4172 r,
970 4121 1018 4157 etc.
