2654 4822
180 372 244 446 ἰο
522 374 635 441 MT.
663 372 945 445 CICERONIS

195 499 251 567 cio
265 507 385 593 partes
400 495 619 563 accusatoris
632 490 791 593 obtinet,
806 509 934 564 contra
947 498 1006 565 ine
1022 494 1069 565 sit
1085 483 1270 583 dicturu's3

182 607 254 675 cui
267 624 447 673 summam
460 605 602 701 copiam
614 601 897 701 facultatemque
908 603 1055 676 dicendi
1068 618 1200 675 natura
1209 605 1273 677 lar·

194 719 268 810 gita
283 727 348 785 est.
365 717 420 784 Ita
432 710 487 803 fit,
500 728 542 784 ut
556 737 637 810 ego,
651 718 715 811 qui
732 716 803 786 tela
818 715 999 813 depellere
1011 728 1048 786 et
1058 714 1273 787 vulneribus

195 823 333 895 mederi
348 823 520 912 debeam,
543 839 623 894 tum
642 823 681 894 id
697 823 814 896 facere
832 849 953 922 cogar,
970 848 1087 922 quum
1102 827 1213 896 etiam
1227 839 1275 896 te·

194 935 272 1005 lum
286 933 513 1005 adversarius
532 934 676 1006 nullum
690 935 839 1030 jecerit:
855 936 926 1005 illis
939 950 1061 1007 autem
1077 933 1122 1005 id·
1133 947 1275 1033 tempus

193 1043 436 1142 impugnandi
454 1043 575 1132 detur,
596 1069 714 1140 quum
731 1058 769 1115 et
784 1045 923 1116 vitandi
945 1045 1093 1116 illorum
1117 1048 1275 1142 impetus

192 1169 351 1253 potestas
365 1153 537 1252 adempta
551 1153 659 1225 nobis
676 1157 760 1243 erit3
777 1167 830 1245 et,
851 1160 881 1227 si
898 1158 1026 1254 quain
1043 1180 1101 1244 re,
1118 1152 1157 1225 id
1174 1153 1276 1252 quod

160 1314 162 1328 .
191 1268 307 1364 parati
324 1279 413 1337 'sunt
425 1263 563 1353 facere,
584 1263 715 1336 falsum
739 1269 891 1356 crimen,
911 1270 1035 1364 quasit
1050 1279 1274 1337 venenatum

192 1376 345 1474 aliquod
360 1377 488 1465 telum,
498 1378 670 1473 jecerint,
684 1376 876 1448 medicinae
893 1374 1067 1448 faciendae
1080 1375 1185 1447 locus
1197 1400 1272 1447 non

192 1491 270 1558 erit.
283 1486 327 1559 Id
338 1487 470 1558 accidit
482 1489 646 1584 praetoris
661 1484 876 1587 iniquitate⁸
891 1502 928 1558 et
939 1488 1073 1582 injuria
1086 1511 1096 1554 t
1110 1488 1274 1584 primum

194 1596 308 1693 quod,
322 1611 450 1668 contra
463 1599 630 1668 omnium
648 1597 966 1685 consuetudinem,
977 1594 1161 1692 judicium
1172 1599 1274 1695 prius

194 1706 240 1777 de
262 1707 400 1804 probro
408 1717 438 1794 9,
458 1705 630 1804 quamde
648 1732 707 1796 re,
724 1707 852 1779 maluit
867 1705 968 1795 fieri3
995 1703 1147 1794 deinde,
1173 1704 1274 1804 quod

195 1818 247 1885 ita
270 1819 460 1888 constituit
482 1816 521 1886 id
537 1821 659 1914 ipsum
677 1816 874 1914 judicium,
891 1829 934 1887 ut
955 1841 1059 1906 reus,
1078 1829 1274 1915 antequam

193 1916 350 1998 verbum
362 1932 581 1999 accusatoris
592 1926 763 2017 audisset,
778 1952 923 2000 causam
936 1927 1056 1999 dicere
1071 1942 1274 2023 cogeretur;

196 2038 298 2137 quod
312 2063 441 2108 eorum
455 2042 568 2134 gratia
585 2050 621 2110 et
633 2042 798 2136 potentia
814 2038 951 2110 lactum
971 2052 1043 2126 est,
1064 2041 1149 2134 qui,
1172 2039 1275 2135 quasi

195 2171 261 2218 sua
276 2172 345 2236 res,
354 2161 418 2218 aut
431 2146 550 2218 honos
564 2163 703 2245 agatur,
718 2152 767 2219 ita
783 2148 976 2246 diligenter
986 2151 1064 2220 Sex.
1074 2151 1186 2221 Naevii
1203 2163 1276 2219 stu·

194 2257 256 2329 dio
273 2272 310 2329 et
326 2258 517 2356 cupiditati
534 2285 675 2330 morem
692 2274 843 2356 gerunt,
860 2274 897 2330 et
912 2262 951 2329 in
966 2256 1147 2356 ejusmodi
1166 2256 1275 2329 rebus

194 2391 283 2465 opes
308 2392 391 2439 suas
412 2371 662 2466 experiuntur,
680 2372 719 2440 in
739 2368 896 2466 quibus,
926 2392 1003 2466 quo
1023 2370 1107 2466 plus
1125 2383 1276 2468 propter

193 2481 367 2561 virtutem
383 2478 686 2577 nobilitatemque
699 2494 872 2578 possunt,
889 2504 934 2550 eo
946 2481 1083 2565 minus,
1095 2492 1274 2574 quantum

195 2593 353 2686 possint,
375 2589 512 2662 debent
532 2591 736 2662 ostendere.
757 2593 883 2682 Quum
901 2587 956 2659 tot
972 2591 1156 2684 tantisque
1180 2585 1276 2658 diffi-
1316 2580 1317 2585 ἵ

197 2697 394 2769 cultatibus
410 2699 563 2773 affectus
580 2717 690 2799 atque
706 2699 926 2789 afflictus,·in
941 2715 1060 2786 tuam,
1072 2702 1112 2769 C.
1123 2698 1275 2795 Aquilli,

197 2806 857 2899 fidem,veritatem¹⁰,misericordiam
865 2815 902 2881 P.
912 2810 1085 2901 Quintius
1101 2804 1275 2904 confuge·

197 2923 245 2990 rit
255 2946 265 3008 3
276 2944 394 3016 quum
409 2918 531 2990 adhuc
547 2924 598 3008 ei,
614 2936 766 3018 propter
781 2925 855 2990 vim
872 2919 1181 3006 adversariorum,
1196 2924 1273 2988 'non

193 3033 253 3127 jus
264 3041 462 3129 par¹1,non
469 3031 767 3129 agendipotestas
778 3031 916 3119 eadem,
924 3053 1000 3100 non
1012 3031 1274 3126 magistratus¹²

118 3192 120 3199 ,
170 3206 173 3210 ,
196 3167 322 3239 aequus
336 3145 486 3241 reperiri
501 3145 683 3240 potuerit3
703 3167 821 3239 quum
838 3143 889 3230 ei,
902 3133 1081 3211 summam
1097 3138 1275 3237 perinju-

237 3347 260 3391 7.
271 3331 327 3377 Tria
340 3329 393 3376 haec
406 3330 496 3390 verba,
509 3340 538 3377 ut
551 3332 651 3394 spuria,
663 3330 712 3378 ,de-
758 3327 924 3394 constituta),
942 3339 967 3376 ct
979 3343 1090 3393 possessa
1108 3343 1140 3376 ue
1156 3327 1206 3376 sint
1223 3327 1274 3388 ejus

198 3409 258 3456 levit
269 3408 409 3456 Lambinus.
424 3409 448 3454 J.
456 3411 488 3456 V.
501 3410 528 3454 L.
757 3407 823 3455 bona
833 3424 864 3454 ex
874 3407 965 3455 edicto.
979 3408 1058 3468 Quam
1072 3406 1104 3453 de
1117 3421 1156 3463 re,
1175 3406 1193 3455 i.
1208 3421 1229 3455 ο.
1244 3405 1275 3453 da

236 3491 260 3537 8.
274 3487 420 3550 Iniquitate.
441 3486 555 3535 Miranda
568 3503 621 3534 non
640 3486 713 3535 semel
757 3487 861 3550 pneuma
880 3502 952 3550 quam
970 3486 1018 3534 sibi
1029 3486 1154 3533 Naeviusa
1168 3484 1272 3548 Quintio

199 3569 307 3616 occurrit
318 3568 421 3613 oratoris
435 3566 510 3614 libera
519 3567 714 3630 indignatio,qui
758 3564 842 3613 deberi
854 3565 958 3614 dicebat.
969 3565 1030 3613 Vid.
1045 3564 1090 3614 ins.
1103 3579 1158 3627 cap.
1175 3566 1203 3613 8.

198 3664 262 3696 non.
279 3647 305 3694 iu
329 3646 514 3708 magistratuum
541 3647 653 3716 iujuriam
676 3646 714 3692 in·
797 3660 836 3693 10.
868 3644 1009 3692 Veritatem.
1033 3644 1191 3706 AEquitatcm.
1212 3641 1272 3691 vid.

198 3726 255 3774 vehi
277 3724 389 3785 dubitat,
417 3725 551 3775 dummodo
577 3725 662 3775 officio
684 3742 713 3774 ac
756 3724 904 3788 Longobad
917 3723 1147 3788 Plin.Epist.Vlll,
1160 3736 1185 3771 a.

199 3804 396 3854 fideidnserviat.
795 3820 837 3852 11.
852 3808 896 3852 Ius
902 3821 962 3867 par.
970 3804 1028 3852 Non
1038 3819 1107 3868 equa
1120 3800 1274 3868 disceptandi

236 3901 261 3948 9.
274 3889 313 3933 De
325 3886 431 3950 probro.
449 3885 533 3948 Quaeri
549 3888 614 3935 enirn
634 3886 714 3935 voluit
755 3884 817 3943 juris
830 3882 952 3932 conditio.
1071 3882 1077 3895 '

196 3974 297 4030 praetor,
311 3965 381 4029 priua
402 3982 434 4012 un
457 3967 578 4013 desertum
600 3965 673 4012 flierit
698 3980 721 4025 a,
797 3978 836 4009 ta.
855 3963 1027 4028 Magistratus.
1046 3965 1143 4015 Prata!
1158 3960 1274 4009 Bumbic·

198 4045 303 4108 Quintio
318 4044 485 4093 vadimonium
502 4042 654 4108 (vadimonii
666 4060 712 4093 au·
757 4056 816 4101 nus,
829 4043 872 4106 qui
882 4042 1011 4106 Quintium
1020 4042 1089 4106 prior
1099 4040 1237 4099 damnarit3
1249 4051 1290 4091 et:

200 4137 248 4172 tem
269 4123 432 4174 desertoribus
453 4124 559 4173 infamia
574 4141 647 4189 poena
662 4135 713 4172 erat
757 4122 944 4188 Dolabella,qui
957 4121 1194 4172 damnatumiteram
1204 4120 1274 4170 velit.
