2654 4822
208 409 1271 435 ΜΜΜΜΜΜΜΜΜΜΜΜΜΜΜΜΜΜΜΜΜΜ

385 450 389 463 ι

324 601 645 706 NICOLAI
686 595 1157 704 DESJARDINS

570 809 911 889 raAErarro.

547 991 938 1024 ψ.

208 1114 290 1232 Dr,
322 1163 402 1248 ista,
425 1185 535 1258 quam
561 1161 835 1247 adornavimus,
859 1162 1043 1232 Ciceronis
1068 1150 1273 1232 orationum

207 1270 384 1358 editione,
407 1285 517 1367 atque
534 1269 579 1341 de
600 1272 679 1368 ipso
696 1271 869 1342 Cicerone
891 1272 920 1340 si
941 1269 1186 1368 praefaremur,
1207 1298 1274 1343 nos

204 1405 353 1478 operam
375 1381 557 1479 plerisque
578 1381 777 1479 legentium
804 1406 880 1451 non
908 1380 1146 1474 injucundam
1170 1385 1280 1452 sum-¹

206 1508 334 1587 pturos
353 1517 431 1563 esse
453 1492 669 1588 putavimus.
855 1498 856 1502 ’

256 1605 341 1671 Post
353 1601 547 1672 exhaustos
560 1602 654 1671 circa
667 1600 760 1671 hanc
772 1601 955 1671 Ciceronis
969 1623 1123 1696 operum
1136 1616 1274 1698 partem

208 1723 264 1780 tot
281 1711 474 1783 illustrium
494 1713 531 1780 in
554 1710 741 1808 republica
758 1710 914 1781 literaria
935 1712 1097 1781 virorum
1112 1709 1276 1794 labores,

209 1834 333 1890 noster
350 1824 417 1892 iste
435 1820 539 1891 labor
554 1822 583 1890 si
602 1821 724 1890 multis
737 1844 1023 1916 supervacaneus
1046 1843 1122 1889 esse
1136 1819 1276 1890 videbi-

209 1942 281 2013 tur,
297 1953 373 1998 non
393 1933 460 2000 erit
482 1929 583 2027 quod
604 1930 803 1999 miremur:
825 1935 960 2026 quippe
982 1929 1046 2025 qui
1066 1929 1155 1999 nihil
1177 1928 1277 2024 quod

206 2038 280 2132 jam
302 2038 513 2134 praedictum
534 2065 611 2109 non
628 2037 753 2125 fuerit,
774 2037 844 2108 dici
863 2054 926 2108 aut
941 2024 1136 2136 excogitari
1155 2063 1277 2136 posse,

209 2172 284 2243 quo
311 2147 479 2217 nitidiora
497 2162 533 2218 et
552 2147 782 2244 explicatiora
798 2147 871 2217 siut
890 2148 956 2217 ista
973 2149 1180 2236 volumina,
1203 2153 1277 2219 exi·

211 2256 420 2327 stimabunt.
443 2255 665 2326 Fatebuutur
684 2280 725 2325 ea
747 2255 895 2351 quidem
916 2256 1088 2354 vepribus
1109 2256 1198 2326 olim
1217 2283 1278 2328 co·

211 2366 413 2455 horruisse;
428 2381 464 2436 at
482 2389 581 2436 nunc
594 2364 733 2435 assidua
747 2365 974 2435 eruditorum
989 2365 1180 2436 hominum
1194 2393 1280 2439 cura

212 2491 249 2546 et
273 2478 392 2549 studio
419 2475 589 2549 effectum
616 2500 692 2545 esse
723 2468 966 2561 contendent,
992 2491 1033 2546 ut
1062 2494 1280 2574 perpurgata

211 2586 382 2658 beneficae
407 2614 536 2658 manus
563 2610 671 2684 opem
696 2587 790 2656 ultra
822 2612 898 2656 non
926 2586 1143 2684 implorent,
1171 2587 1280 2660 licere

209 2695 283 2788 jam
303 2694 483 2767 inoffenso
503 2697 596 2794 pede
615 2722 681 2795 per
699 2697 856 2794 singulas
875 2699 1056 2767 orationes
1077 2696 1281 2771 decurrere.

213 2808 307 2876 San!
314 2805 463 2902 quidem
475 2804 543 2876 fuit
555 2823 831 2904 tempus,quum
842 2823 878 2878 et
890 2831 957 2902 ego
972 2808 1008 2874 in
1023 2805 1280 2905 eadem,quam

213 2914 302 2985 mihi
314 2917 497 3014 opinionis
507 2941 630 2987 errore
639 2914 826 3002 finxeram,
835 2917 1097 2997 existimatione
1109 2941 1279 2990 versarer.

212 3029 349 3097 Verum
363 3025 408 3098 ad
423 3026 487 3097 has
500 3028 594 3123 ipsas
612 3028 792 3096 orationes
806 3023 975 3120 legendas
992 3050 1105 3122 quum
1122 3029 1281 3123 primum

213 3138 376 3207 animum
395 3139 536 3235 appuli,
553 3149 706 3232 quantas
722 3134 774 3205 ibi
794 3136 881 3205 t'unc
903 3135 976 3206 sive
996 3138 1033 3204 in
1052 3135 1162 3206 rebus
1180 3138 1284 3209 intel·

211 3246 376 3344 ligendis,
385 3248 458 3318 sive
471 3247 509 3315 in
530 3244 780 3344 perspicienda
800 3243 998 3315 verborum
1017 3248 1069 3331 vi,
1090 3234 1282 3319 difficulta-

213 3370 268 3428 tes
281 3355 373 3443 vidi;
391 3381 480 3452 quas
496 3380 616 3451 neque
635 3379 717 3424 meo
736 3369 850 3424 marte
864 3353 1039 3440 enodare,
1056 3381 1179 3455 neque
1198 3360 1284 3430 alio-

215 3493 316 3555 rum,
347 3491 439 3564 quos
460 3465 550 3535 mihi
575 3463 736 3534 subsidio
766 3488 1074 3563 comparaveram,
1096 3464 1283 3538 laboribus

215 3578 386 3675 expedire
411 3572 573 3675 possem!
603 3575 700 3664 Quin
729 3573 814 3644 inde
840 3573 948 3661 mihi,
982 3573 1079 3643 unde
1109 3576 1283 3646 auxilium

216 3713 461 3785 speraveram,
483 3710 598 3756 novus
621 3683 812 3756 accedebat
829 3682 941 3754 labor.
966 3685 1071 3753 Nunc
1094 3685 1206 3764 enim,
1227 3688 1283 3753 in-

217 3795 434 3893 terpretibus
443 3798 480 3865 in
490 3821 629 3866 summa
635 3797 807 3866 varietate
819 3794 1001 3891 opinionis
1014 3807 1049 3862 et
1062 3792 1283 3864 dissensione

217 3908 402 3977 sententiae
419 3907 637 3992 constitutis,
651 3903 888 4001 quaerendum
906 3900 975 3970 fuit
991 3926 1149 3997 quorum
1164 3906 1285 3999 potior

217 4024 309 4085 esset
326 4016 598 4111 interpretatio:
618 4038 718 4082 nunc
736 4008 1041 4106 investigandum,
1063 4011 1163 4106 quod
1182 4010 1228 4081 ab
1243 4015 1285 4083 iis

217 4140 280 4195 aut
295 4125 473 4208 consulto,
488 4139 549 4195 aut
558 4125 709 4210 incuria,
720 4122 777 4193 vel
786 4123 1141 4220 praetermissum,vel
1156 4148 1284 4220 parum
