2654 4822
133 341 215 436 xxvj
528 322 799 409 PRAEFATIO

131 469 345 538 Ciceronem
368 461 406 529 in
430 481 473 530 ea
497 482 537 528 re
562 462 807 557 vituperatum
832 484 906 531 uon
930 462 971 530 iri
993 459 1136 532 affirmo
1156 463 1204 535 ab

131 585 195 661 eo,
220 571 285 668 qui
310 582 520 664 temporum
543 567 679 664 quibus
700 567 760 640 ille
783 569 910 655 vixit¹,
937 564 1114 644 rationem
1137 573 1205 645 ha·

123 683 268 767 'buerit3
288 694 398 777 atque
416 679 621 750 meminerit
642 679 812 751 Solonem
839 679 963 767 illum,
983 696 1094 779 atque
1114 683 1205 754 alios

131 794 298 865 homines
321 790 607 889 sapientissimos
632 791 905 879 existimavisse,
932 793 1084 864 civitatis
1104 793 1205 865 illius

132 903 312 1002 optimum
331 924 410 973 esse
429 913 581 987 statum,
598 902 638 970 in
664 920 736 996 qua
758 901 973 995 injuriarum
998 917 1205 989 auctorem,

130 1035 207 1081 non
225 1009 345 1082 solum
366 1009 432 1105 qui
454 1007 549 1105 passi
570 1022 691 1079 essent
711 1008 902 1104 injuriam,
925 1011 989 1083 sed
1013 1013 1121 1082 etiam
1139 1016 1205 1110 qui

132 1125 225 1219 passi
246 1144 324 1191 non
348 1132 489 1205 essent,
513 1116 786 1190 ulciscerentur.
807 1119 913 1190 Plura
936 1119 1111 1214 dicerem,
1135 1128 1205 1224 nisi

131 1232 346 1301 Ciceronem
362 1242 526 1298 veterum
542 1227 657 1316 dieta,
673 1230 879 1319 sententiae,
895 1230 1009 1327 leges,
1029 1246 1065 1304 et
1084 1259 1206 1306 mores

132 1344 218 1411 satis
236 1353 460 1411 excusarent.

181 1453 306 1523 Suavis
325 1463 380 1520 est
411 1447 480 1545 (de
498 1451 596 1519 Orat.
617 1451 670 1536 ΙΙ,
694 1444 779 1544 54),
803 1462 840 1519 et
857 1449 1093 1522 vehementer
1104 1479 1206 1552 -saepe

133 1560 232 1633 utilis
248 1560 377 1654 jocus:
396 1556 558 1629 multum·
576 1559 613 1627 in
632 1581 739 1629 causa
760 1582 919 1656 persaepe
938 1557 1075 1634 facetiis
1093 1563 1205 1660 profi-

135 1674 240 1741 citur.
260 1665 331 1738 Sed
343 1665 496 1761 hujusce
510 1669 653 1740 virtutis
671 1668 911 1765 adipiscendae
930 1687 1067 1767 quanta
1081 1676 1126 1745 sit
1141 1674 1207 1745 dif-

135 1779 276 1852 ficultas
293 1777 352 1848 vel
368 1776 444 1848 duo
460 1781 607 1850 maximi
623 1793 785 1849 oratores
803 1780 969 1876 (Quintil.
984 1780 1080 1870 l.VI‚
1104 1810 1135 1857 c.
1152 1785 1205 1882 3),

135 1891 226 1961 alter
243 1910 375 1985 grame,
395 1887 485 1959 alter
499 1888 616 1958 latinae
629 1888 845 1985 eloquentiae
857 1893 1045 1988 princeps,
1059 1892 1206 1967 docent.

134 2004 227 2072 Nam
246 1998 412 2097 plerique
441 1997 679 2069 Demostheni
704 1996 912 2070 facultatem
933 2001 1044 2097 hujus
1070 2009 1124 2076 rei
1143 2006 1206 2078 de·

12 2196 19 2205 ι
134 2109 245 2211 luisse
267 2108 439 2196 credunt,
457 2109 623 2178 Ciceroni
644 2107 807 2178 modum.
824 2115 859 2179 la
874 2113 973 2181 enim·
993 2134 1070 2183 non
1089 2116 1207 2186 solum

136 2237 237 2295 extra
252 2219 408 2316 judicia,
433 2217 495 2289 sed
515 2221 554 2289 in
577 2220 666 2315 ipsis
687 2223 794 2290 etiam
812 2221 1044 2294 orationibus
1063 2224 1209 2298 habitus

136 2348 191 2405 ¹est
210 2333 344 2402 nimius
362 2332 401 2400 in
418 2331 512 2415 risu;
534 2329 634 2399 unde
652 2332 741 2401 Cato
760 2328 863 2400 illum
880 2333 1072 2430 appellavit
1093 2337 1208 2409 «ridi-

139 2442 263 2514 culum
280 2439 492 2512 consulem»
506 2441 546 2509 in
561 2463 669 2510 causa
679 2443 863 2529 Murenae3
891 2442 937 2513 ab
952 2446 1107 2517 inimicis
1121 2470 1209 2520 vero

138 2577 284 2624 «scurra
298 2550 499 2622 consularis
509 2549 736 2648 »appellatus
746 2565 811 2623 est.
823 2555 1006 2625 Ciceronis
1022 2555 1210 2632 urbanitas

137 2664 176 2733 in
192 2660 297 2732 dietis
316 2675 352 2730 et
364 2660 475 2753 jocis,
495 2661 617 2756 inquit
632 2661 846 2732 Plutarchus
865 2663 917 2754 (in
935 2667 1048 2735 Cicer.
1061 2691 1139 2766 cap.
1155 2675 1211 2767 4),

138 2772 352 2870 aprincipio
366 2768 514 2866 quidem
526 2795 583 2840 res
590 2770 771 2865 judicialis
784 2785 820 2841 et
827 2773 989 2866 jucunda
1001 2775 1210 2853 videbatur:

139 2881 203 2954 sed
218 2905 260 2952 ea
277 2903 392 2977 quum
414 2877 461 2952 ad
479 2882 679 2954 satietatem
698 2900 815 2976 usque
832 2881 1056 2975 abuteretur,
1076 2893 1210 2965 multos

140 2989 309 3079 offendit,
327 3003 364 3061 et
376 2990 413 3058 in
427 3011 506 3058 eam
515 2991 615 3058 venit
626 2992 854 3085 opinionem,
868 3005 910 3060 ut
920 3008 1051 3067 natura
1063 3023 1210 3095 perver-

103 3136 105 3140 .
138 3128 199 3174 sus
212 3126 289 3174 esse
301 3098 520 3172 crederetur.
538 3095 699 3170 Haecfuit
711 3095 756 3170 de
767 3102 951 3172 Ciceronis
960 3103 1051 3199 jocis
1067 3113 1211 3206 opinio,

140 3207 208 3284 sed'
220 3210 280 3281 illa
295 3208 444 3307 quidem
464 3208 738 3297 malivolorum,
757 3210 811 3280 uti
834 3209 1012 3299 diximus,
1040 3230 1076 3286 et
1094 3222 1210 3292 inimi·

139 3345 278 3392 corum.
292 3323 430 3390 Verum
446 3318 617 3414 quinihil
633 3317 843 3389 habuerunt
859 3345 974 3392 causae
995 3349 1061 3396 cur
1082 3337 1210 3402 menti·

138 3443 283 3516 rentur,
310 3430 337 3497 ii
359 3427 571 3498 Ciceronem
597 3440 638 3496 ut
658 3426 804 3521 jocandi
826 3434 1085 3528 peritissimum
1110 3464 1209 3512 com-

138 3538 370 3611 mendarunt.
384 3534 562 3607 Observat
578 3537 786 3611 Macrobius
797 3539 810 3635 (
820 3544 961 3613 Saturn.
971 3549 1023 3635 ΙΙ,
1042 3549 1075 3645 ι)
1097 3549 1209 3640 duos,

139 3672 233 3746 quos
257 3646 576 3743 eloquentissimos
610 3649 760 3746 antiqua
794 3667 877 3740 aetas
901 3653 1002 3743 tulit,
1029 3665 1209 3733 comicum

140 3760 326 3845 Plautum,
345 3772 382 3828 et
395 3770 576 3828 oratorem
591 3758 767 3846 Tullium,
783 3764 890 3834 etiam
906 3765 952 3836 ad
963 3767 1132 3860 jocorum
1148 3799 1207 3846 ve·

141 3883 322 3940 nustatem
335 3867 464 3939 ceteris
477 3871 692 3964 pr'aestitisse.
705 3871 814 3962 Quod
828 3875 878 3944 ita
894 3877 1110 3952 esseEabius
1121 3883 1135 3978 (
1145 3883 1208 3953 ubi

177 4101 200 4131 ι.
216 4081 390 4155 δεδυκβοκ.
403 4090 544 4148 manatura,
563 4098 620 4146 pag.
634 4085 694 4138 432.
