2654 4822
213 356 336 449 ων]
632 360 909 428 PRAEFATIO

229 504 332 566 nam,
354 494 389 548 et
409 479 611 550 iracundiae.
631 486 758 578 Neque
778 497 900 552 tamen
923 483 1099 578 quoniam
1120 485 1158 552 in
1185 485 1302 557 tribus

230 588 375 659 dicendi
393 588 587 685 generibus
603 615 768 688 peraeque
790 591 927 678 floruit,
947 589 1079 662 abhoc
1095 592 1248 664 incitato
1266 610 1300 665 et

190 723 206 780 g
229 696 395 785 volubili,
406 695 452 767 ad
461 698 566 772 dulce
578 703 748 772 orationis
762 725 894 796 genus,
909 700 1096 771 sententiis
1111 717 1299 797 argutum,

228 807 348 878 verbis
367 831 515 895 sonans,
533 834 608 880 non
630 808 991 906 deflexit-aliquando
1007 808 1156 882 Tullius.
1175 816 1298 884 Testes

229 942 297 1014 pro
310 919 499 1015 Pompeio,
521 943 588 1014 pro
608 920 756 1006 Archia,
775 944 843 1018 pro
860 917 1048 1003 Marcello,
1073 934 1140 989 etc.
1163 922 1297 991 oratio·

228 1053 304 1098 ues.
329 1028 399 1098 Sed
426 1028 537 1098 solam
560 1028 671 1123 hujus
696 1030 837 1125 generis
861 1031 1032 1099 virtutem
1051 1030 1089 1097 in
1113 1032 1298 1101 sententiis

227 1139 398 1235 positam,
419 1153 459 1206 ut
481 1139 556 1225 isti,
574 1164 650 1208 non
669 1142 829 1235 putavit3
849 1163 968 1234 neque
988 1137 1102 1209 voluit
1121 1153 1162 1208 ut
1182 1144 1298 1211 omnis

227 1247 345 1334 locus,
368 1247 486 1317 omnis
508 1271 635 1317 sensus
653 1249 690 1317 in
716 1246 789 1320 fine
808 1250 986 1320 sermonis
1003 1273 1130 1319 aurem
1153 1247 1294 1322 feriret:

226 1360 365 1454 quippe
380 1359 445 1453 qui
461 1358 511 1428 sic
525 1357 668 1445 habuit,
685 1363 925 1455 «Composite
943 1374 980 1429 et
1006 1374 1089 1456 apte
1115 1364 1195 1431 sine·
1216 1385 1297 1432 sen·

226 1470 348 1539 tentiis
364 1468 503 1556 dicere,
520 1469 696 1547 insaniam
709 1493 805 1555 esse;
824 1469 1046 1555 sententiose
1061 1483 1205 1556 autem,
1222 1473 1298 1540 sine

229 1578 427 1649 verborum
451 1593 487 1648 et
515 1577 643 1648 ordine
668 1591 704 1648 et
727 1576 853 1664 mode,
875 1576 1060 1649 infantiam
1072 1608 1097 1648 i.
1109 1577 1190 1648 Vid.
1203 1583 1298 1651 Orat.

232 1713 309 1785 cap.
330 1714 386 1784 7¹·

276 1802 420 1885 Cicero,
453 1798 573 1895 inquit
604 1803 717 1896 Aper,
746 1797 898 1869 «lentus
924 1814 978 1870 est
1006 1799 1043 1867 in
1074 1799 1299 1896 principiis»,

230 1906 267 1977 id
286 1921 357 1995 est,
380 1909 419 1977 in
438 1909 603 1979 exordiis.

279 2016 477 2088 Exordium
501 2018 630 2116 triplex
648 2019 758 2114 vulgo
778 2017 1010 2114 distinguitur
1030 2044 1038 2087 ε
1058 2019 1302 2116 Principium,

231 2130 445 2219 insinuatio,
467 2143 504 2200 et
522 2129 611 2200 illud
633 2129 734 2226 quod
750 2143 861 2198 estex
879 2126 1046 2224 abrupto.
1068 2129 1173 2199 Hisce
1194 2154 1301 2200 exor-

231 2237 298 2309 diis
317 2241 431 2314 utitur
454 2240 579 2310 Cicero
604 2263 672 2336 pro
701 2239 841 2308 ratione
864 2262 1054 2311 causarum
1076 2262 1166 2334 quas
1191 2237 1306 2310 habet

230 2350 442 2421 tractandas.
462 2354 570 2422 Nunc
592 2374 668 2420 rem
695 2352 816 2419 statim
842 2348 1064 2444 aggreditur,
1086 2362 1198 2444 atque
1220 2375 1306 2420 ora-

230 2461 369 2530 tionem
389 2461 492 2556 qnasi
506 2461 646 2556 impetu
664 2458 823 2545 orditur,
841 2458 942 2529 verbi
961 2461 1093 2554 gratia,
1119 2483 1185 2556 per
1212 2485 1306 2558 apo-

230 2569 422 2666 strophen,
442 2568 495 2639 uti
518 2568 657 2639 Catilin.
679 2574 719 2638 I:
746 2574 977 2665 «Quousque
1005 2568 1174 2655 tandem,
1207 2585 1307 2641 etc.»

218 2685 273 2749 ,ln
287 2677 467 2773 ejusmodi
481 2679 628 2750 exordia
644 2704 720 2750 non
742 2704 827 2750 sane
844 2678 937 2750 cadit
950 2681 1039 2777 Apri
1051 2679 1304 2776 reprehensio.

230 2789 295 2860 Illa
310 2813 396 2884 ergo
410 2789 557 2885 respicit
570 2815 650 2886 quae
659 2797 841 2887 principia
862 2788 1045 2876 dicuntur,
1063 2804 1099 2860 et
1114 2815 1195 2886 quae
1208 2788 1307 2864 fiunt

230 2923 295 2995 per
314 2899 606 2968 insinuationem.
626 2904 669 2969 In
685 2902 848 2995 utrisque
867 2900 954 2996 quia
970 2914 1193 2996 praeparatur
1208 2900 1306 3002 audi·

229 3010 318 3079 toris
332 3011 489 3096 animus,
512 3006 702 3080 efficiendo
719 3023 761 3079 ut
777 3010 823 3078 sit
836 3008 1047 3094 benivolus,
1067 3023 1110 3078 ut
1122 3003 1303 3099 attentus;

234 3135 276 3190 ut
294 3119 437 3207 docilis3
457 3145 533 3190 non
549 3119 752 3191 inficiamur
771 3118 816 3190 ad
841 3143 882 3190 ea
901 3120 1115 3189 Ciceronem
1136 3121 1303 3193 conside-

231 3243 308 3300 rate
323 3245 359 3300 et
378 3233 480 3326 quasi
501 3230 725 3327 pedetentim
744 3228 897 3328 ingredi.
916 3234 1007 3301 Nam
1022 3231 1052 3298 si
1076 3231 1304 3304 revocandus

211 3410 215 3416 ,
230 3340 276 3409 sit
292 3339 425 3434 judex,
443 3341 507 3436 qui
525 3355 588 3410 aut
603 3341 710 3411 nobis
726 3341 914 3424 inimicus,
934 3354 997 3409 aut
1015 3339 1222 3413 adversario
1235 3345 1303 3413 erit

229 3450 386 3538 amicus3
405 3455 435 3520 si
453 3450 682 3521 miseratione
700 3449 950 3537 inclinandus3
965 3451 995 3520 si
1008 3474 1151 3521 causam
1166 3451 1302 3529 docen-

229 3559 315 3647 dus;
331 3583 413 3656 quae-
424 3574 543 3656 partes
555 3575 639 3631 sunt
651 3559 807 3648 exordii,
821 3585 915 3631 anne
934 3561 1055 3640 statim,
1069 3559 1303 3632 assiliendum

231 3671 298 3739 erit
324 3670 369 3740 ad
398 3670 593 3742 vehemens
613 3685 650 3741 et
678 3695 760 3741 acre
787 3669 934 3741 dicendi
959 3671 1097 3768 genus?
1120 3676 1226 3742 Anne
1248 3672 1302 3743 his

231 3781 343 3852 initiis
360 3782 397 3851 in
429 3779 589 3851 animum
612 3781 744 3875 judicis
771 3779 981 3855 admittetur
1004 3779 1151 3850 orator?
1170 3785 1302 3852 Nonne

138 3910 141 3915 ·
231 3892 353 3988 potius
371 3892 479 3962 talem
501 3891 618 3963 oderit
636 3907 819 3962 oratorem
835 3889 969 3986 judex,
989 3890 1108 3960 statim
1122 3877 1301 3961 adhiben-

229 4015 302 4070 tem
331 4002 395 4072 has
421 3999 564 4073 dicendi
590 4000 702 4087 facee,
732 4015 767 4071 et
786 4000 831 4071 ab
853 4001 933 4098 ipso
953 4000 1105 4068 introitu
1130 4010 1300 4092 repente,

228 4113 330 4207 quasi
350 4127 438 4185 aestu
458 4114 595 4209 ingenii
616 4114 671 4184 sui
693 4111 906 4209 abreptum,
924 4107 1116 4206 tragoedias
1139 4110 1300 4180 excitan-
