2654 4822
319 372 649 466 nutrio-ruo
673 373 711 438 r.
733 370 971 460 Qumrro.
1005 438 1009 447 ,
1135 370 1178 443 13

102 540 106 545 -
162 499 220 567 tv.
241 497 366 584 Quum
384 517 499 563 annos
517 493 594 586 jam
610 491 816 588 complures
836 497 989 564 societas
1007 509 1117 581 esset,
1145 509 1183 565 et

136 631 228 702 quum
250 628 345 701 saepe
364 616 555 700 suspectus
571 604 725 693 Quintio
742 604 883 673 Naevius
900 600 1045 688 fuisset,
1062 629 1184 702 neque

137 720 174 786 ita
193 713 376 786 commode
393 708 517 811 posset
532 715 710 782 rationem
728 709 879 781 reddere
897 736 1022 782 earum
1039 737 1184 800 rerum,

90 836 94 877 ·'
138 849 205 919 quas
218 823 381 912 libidine,
398 847 475 893 non
493 825 632 923 ratione
649 834 824 917 gesserat,
839 826 995 893 moritur
1010 828 1048 894 in
1066 824 1183 896 Galba

138 938 300 1026 Quintius,
325 953 442 1032 quum
460 930 601 1003 adesset
624 934 790 1020 Navius,
815 945 851 1002 et
875 937 1032 1004 moritur
1050 959 1182 1033 repen·

90 1060 93 1121 t
139 1043 413 1116 tin0¹.Heredem
423 1055 639 1133 testamento
650 1039 798 1137 reliquit
810 1040 910 1111 hunc
922 1047 959 1113 P.
970 1046 1179 1135 Quintium:

90 1140 94 1171 ³
139 1169 185 1241 ut,
199 1155 238 1226 ad
254 1179 367 1253 quem
381 1176 546 1224 summus
562 1171 700 1221 moeror
718 1166 834 1222 morte
851 1175 916 1222 sua
931 1153 1120 1243 veniebat,
1136 1155 1183 1226 ad

142 1264 279 1336 eumdem
294 1285 459 1334 summus
467 1261 601 1332 honos²
612 1286 761 1357 quoque
772 1266 987 1358 perveniret.
996 1267 1079 1354 Quo
1093 1253 1188 1336 mor-

140 1386 196 1462 tuo,
207 1398 267 1446 nec
284 1377 334 1444 ita
347 1372 464 1443 multo
478 1386 574 1469 post,
586 1374 625 1440 in
639 1369 792 1442 Galliam
809 1369 1053 1468 proficiscitur
1066 1376 1182 1465 Quin·

142 1484 200 1552 tius.
212 1483 264 1554 Ibi
279 1508 363 1554 cum
376 1485 446 1552 isto
462 1484 584 1553 Naevio
601 1479 824 1551 familiariter
836 1484 934 1552 vivit.
949 1486 1095 1553 Annum
1110 1483 1186 1556 fere

141 1607 293 1683 tuasunt,
307 1617 424 1690 quum
438 1605 475 1662 et
491 1590 536 1662 de
551 1593 721 1662 societate
736 1593 831 1662 inter
843 1614 881 1661 se
897 1592 1011 1662 multa
1024 1617 1188 1666 commu·

141 1705 296 1792 uicarent,
313 1716 351 1773 et
374 1700 420 1772 de
444 1715 519 1772 tota
540 1701 601 1772 illa
620 1703 760 1771 ratione
780 1714 890 1796 atque
911 1726 951 1772 rc
975 1702 1184 1774 Gallicana:

141 1832 233 1907 reque
248 1815 388 1882 interea
400 1809 555 1881 verbum
572 1809 689 1880 ullum
709 1813 930 1907 interposuit
942 1817 1101 1900 Naevius,
1122 1829 1186 1885 aut

140 1924 319 1993 societatem
336 1920 406 1991 sibi
424 1919 613 2018 quidpiam
632 1920 785 2011 debere,
811 1935 874 1992 aut
888 1925 1058 2019 privatim
1072 1927 1188 2014 Quin·

141 2033 208 2102 tium
226 2031 406 2104 debuisse.
421 2035 554 2122 ,Quum
574 2037 653 2102 aeris
675 2032 783 2103 alieni
799 2032 1066 2130 aliquantulum
1092 2050 1186 2105 esset

141 2140 300 2229 relictum,
316 2139 451 2238 quibus
471 2138 709 2212 nominibus³
724 2147 918 2240 pecuniam
933 2149 1055 2215 Romae
1069 2147 1188 2215 curari

141 2253 534 2344 oporteret3auctionem
544 2254 581 2321 in
596 2251 823 2324 GalliaP.bic
829 2256 1003 2345 Quintius
1015 2254 1187 2326 Narbone

142 2379 167 2425 se
178 2357 350 2432 facturum
370 2384 445 2431 esse
459 2360 654 2459 proscribit
669 2387 795 2433 earum
808 2388 951 2451 rerum,
973 2389 1055 2461 quae
1071 2368 1187 2462 ipsius

142 2484 218 2540 erant
233 2472 392 2567 privatae.
407 2467 465 2539 lbi
483 2484 562 2539 tum
575 2474 631 2540 vir
644 2476 824 2569 optimus,
841 2476 921 2543 Sex.
941 2477 1102 2563 Naevius,
1121 2475 1189 2546 ho-

141 2580 251 2650 minem
275 2579 400 2649 multis
421 2577 540 2650 verbis
561 2579 738 2669 deterret,
764 2606 810 2651 ne
829 2585 1082 2654 auctionatur:
1104 2611 1189 2656 eum

141 2694 257 2760 nonita
273 2688 587 2788 commode-posse
605 2716 650 2762 eo
668 2705 845 2788 tempore,
861 2716 942 2786 quae
955 2697 1189 2792 proscripsis-

140 2813 190 2887 set,
203 2799 375 2887 vendere;
392 2805 515 2870 Romae
532 2799 601 2871 sibi
617 2826 853 2872 nummorum
872 2799 1080 2874 facultatem
1098 2830 1190 2892 esse,

140 2931 250 3002 quarn,
279 2913 306 2980 si
323 2912 503 3007 saperetl,
522 2934 756 2981 communem
776 2914 1014 3006 existimaret,
1030 2938 1098 3010 pro
1121 2912 1190 2983 fra-

139 3029 219 3090 terna
232 3020 293 3090 illa
311 3019 596 3109 necessitudine,
610 3036 655 3092 'et
666 3045 735 3120 pro
753 3024 867 3119 ipsius
885 3020 1059 3093 affinitate
1077 3049 1084 3091 :
1104 3048 1189 3095 nam

163 3218 235 3269 ΝΛ.
254 3217 364 3266 Moritur
379 3215 631 3282 repentiumoblique
674 3216 784 3281 illudque
804 3217 839 3266 ita
863 3217 952 3266 honori
974 3217 1041 3283 apud
1065 3220 1191 3269 Romanos

138 3303 155 3339 tt
169 3299 230 3360 quasi
243 3297 308 3346 aliud
323 3312 398 3361 agens
409 3293 523 3345 veneficii
539 3296 631 3344 crimen
676 3296 822 3356 ducebatur,
836 3308 865 3345 ut
879 3297 993 3345 Ciceroni
1008 3298 1126 3359 obiecerit
1135 3302 1190 3348 Au-

136 3373 206 3425 Naerio
228 3376 323 3441 affingit
344 3387 435 3426 orator.
455 3377 520 3425 Mira
542 3375 631 3425 deinde
675 3375 924 3436 tonius,hereditates
934 3376 957 3423 ei
970 3377 1049 3424 nullas
1061 3378 1091 3425 ab
1104 3380 1190 3427 amicis

135 3464 175 3502 ane
189 3459 349 3504 narrationem
367 3456 469 3520 pergit,
488 3455 631 3519 diversaque
674 3455 781 3514 venisse3
795 3455 862 3519 quod
871 3466 957 3503 contra
968 3456 1054 3504 Cicero
1065 3458 1190 3518 defendit,

134 3536 401 3598 congeritadjuncta‚ut
412 3533 471 3583 iude
483 3535 563 3583 Naevii
574 3551 631 3598 per·
675 3535 779 3597 amplius
792 3533 1190 3602 sells.ducenties(t,ro,oofr.)
1224 3580 1228 3593 ‚

132 3610 181 3662 fidia
194 3617 267 3680 magis
283 3614 413 3664 elucescat.
427 3641 463 3651 -
476 3615 541 3664 Nota
553 3626 633 3663 morte
676 3630 708 3661 ex
720 3611 895 3660 hereditatibus
907 3613 1026 3663 retulisse.

132 3693 155 3741 C.
167 3695 257 3757 Quintii
274 3695 376 3742 omnino
396 3693 542 3742 exstinctam
554 3693 634 3740 socie·
713 3693 738 3740 3.
761 3691 850 3754 Quibus
872 3691 1016 3741 nominibus.
1039 3693 1115 3755 Cujus
1136 3695 1192 3742 aeris

131 3783 245 3834 tatem,ac
257 3773 407 3822 dissolutam.
678 3771 751 3819 alieni
760 3770 872 3818 solvendi
881 3775 1062 3831 cansa,Romae
1071 3784 1123 3822 erat
1133 3790 1192 3822 con-

160 3870 182 3900 a.
198 3856 304 3902 Summus
321 3853 408 3904 honos.
427 3852 546 3915 Quamvis
567 3851 632 3899 enim
676 3849 779 3897 ficienda
790 3851 903 3913 pecunia.
917 3851 1009 3898 Curare
1013 3850 1146 3914 pecuniam
1155 3862 1193 3900 est

127 3931 175 3995 lege
197 3944 219 3980 et
240 3936 294 3996 jure
315 3932 458 3998 agnationis
478 3931 549 3979 heres
569 3941 631 3979 esset
676 3946 768 3988 curare,
783 3939 810 3976 ut
820 3929 924 3994 pecunia
935 3930 1006 3976 detur
1015 3938 1039 3974 et
1049 3928 1166 3978 solvatur.

127 4013 151 4057 P.
168 4013 292 4074 Quintius,
308 4013 439 4062 honestior
458 4021 538 4059 umen
560 4022 632 4060 testa·
712 4017 736 4065 4,
750 4011 776 4056 St'
784 4020 889 4072 saperet.
900 4009 1004 4057 Locutio
1017 4024 1065 4070 qua
1079 4008 1190 4071 objurga·

125 4101 206 4140 mento
227 4093 257 4141 ad
278 4111 331 4144 eum
349 4091 469 4142 veniebat
492 4089 630 4141 hereditas:
676 4089 775 4146 mus,ita
783 4100 812 4137 ut
822 4087 961 4153 objurgatio
969 4087 1001 4134 sit
1010 4087 1099 4157 amoris
1109 4087 1191 4134 index.
