2654 4822
344 364 952 435 NICOLAIDESJARDINS.
1076 367 1182 459 xxxiij

124 484 224 557 literis
233 482 484 582 doctrinisque
496 485 717 583 perpolitos,
731 483 777 556 ab
795 485 1105 582 ignotissimorum
1120 487 1184 558 ho-

123 597 253 664 minnm
266 593 461 664 calumniis
480 595 744 667 nobiiissimum
762 610 944 666 oratorem
970 599 1184 669 auctoritate

124 729 179 775 sua
188 702 440 776 vindicabant:
460 704 546 776 dum
561 708 650 778 istos
666 711 713 776 M.
730 706 890 793 Tullius,
906 708 1059 776 oratoris
1072 703 1185 793 filins,

125 839 191 886 non
198 816 442 911 argumentis,
460 815 525 887 sed
537 816 685 915 flagellis
704 815 901 901 refutabat3
912 830 949 886 et
957 819 1103 915 parenti
1116 843 1183 889 suo

124 925 162 998 de
174 925 268 996 iliius
286 925 574 997 obtrectatorum
592 957 609 992 κ
623 929 747 999 eorio¹
764 923 1036 998 satisfaciebat».

123 1090 126 1100 .
163 1034 230 1106 Sed
247 1036 388 1105 omissis
408 1050 445 1106 et
466 1038 590 1134 Largis
611 1052 648 1108 et
669 1037 813 1123 Cestiis‚
831 1038 940 1106 venio
959 1036 1005 1106 ad
1023 1035 1183 1107 celeber·

125 1148 257 1231 rimum,
267 1142 358 1214 dum
369 1146 517 1233 viveret,
526 1142 667 1216 romani
685 1146 755 1216 fori
768 1149 976 1243 ingenium
991 1162 1027 1217 et
1040 1148 1182 1218 Cicero·

125 1255 171 1324 nis
184 1255 401 1352 eloquentia·
419 1257 668 1352 castigatorem
685 1259 948 1352 gravissimum,
960 1260 1010 1326 M.
1029 1260 1180 1353 Aprum.

126 1366 153 1434 ls
174 1389 213 1436 ea
234 1367 404 1437 Ciceroni
428 1364 575 1461 objicit,
597 1389 677 1462 quae
706 1369 736 1435 si
758 1389 842 1435 vera
869 1368 959 1451 sint,
987 1390 1096 1436 nemo
1115 1369 1183 1436 erit

126 1481 177 1574 qui
188 1504 271 1551 eum
286 1485 440 1551 oratoris
454 1484 604 1551 nomine
620 1481 693 1573 jam
711 1479 884 1577 appellari
897 1478 993 1550 velit.
1014 1509 1031 1544 a
1044 1481 1181 1551 Lentus
1196 1467 1199 1476 ¹

127 1603 182 1677 est,
207 1591 344 1687 inquit,
372 1595 410 1660 in
432 1592 639 1687 principiis;
667 1589 797 1686 longus
825 1593 864 1660 in
888 1589 1180 1674 narrationibus;

127 1701 247 1769 otiosus
275 1704 371 1769 circa
391 1723 581 1770 excessus:
601 1698 702 1770 tarde
724 1713 995 1786 commovetur;
1017 1725 1104 1771 raro.
1122 1702 1179 1770 in·

129 1806 272 1895 calescit3
289 1812 397 1905 pauci
412 1832 539 1879 sensus
558 1809 713 1904 optime,
729 1822 766 1879 et
779 1834 864 1880 cum
875 1807 1035 1905 quodam
1045 1809 1182 1880 lumine

130 1918 377 1987 terminantur:
405 1917 498 1987 nihil
516 1941 729 2015 excerpere,
758 1917 849 1988 nihii
871 1917 1005 1991 referre
1028 1922 1181 2016 possis.»

130 2025 190 2096 vid.
203 2026 295 2098 Dial.
317 2026 364 2097 de
382 2033 482 2098 Orat.
502 2052 581 2125 cap.
599 2054 657 2098 aa.

164 2139 233 2206 Jam
264 2139 425 2234 primum
446 2139 612 2207 omnium
632 2142 717 2208 satis
736 2151 895 2227 constat,
916 2165 992 2237 quo
1014 2154 1178 2237 tempore

132 2245 197 2314 vixit
212 2251 329 2344 Aper,
345 2247 591 2345 eloquentiam
605 2248 651 2318 de
670 2274 734 2319 sua
752 2249 925 2346 dignitate
941 2250 1097 2320 multum
1113 2247 1176 2319 de-

134 2355 317 2447 perdidisse.
339 2361 507 2429 Senserat
531 2362 673 2446 Cicero,
702 2384 800 2448 eam,
818 2384 932 2456 quum
955 2360 1111 2430 venisset
1132 2358 1176 2429 ad

133 2485 312 2556 summum,
333 2469 434 2563 «jam
455 2493 678 2540 senescere».
699 2471 843 2540 Tuscul.
866 2475 1011 2566 Disput.
1033 2469 1096 2540 lib.
1118 2475 1177 2555 II,

132 2593 189 2670 etp.
214 2576 246 2649 5.
271 2580 319 2647 At
341 2602 458 2680 quum
477 2581 599 2649 omnia
617 2583 656 2649 in
680 2582 789 2650 unius
808 2579 956 2650 fuerunt
982 2595 1176 2677 potestate,

87 2779 89 2785 Α
131 2704 230 2756 rerum
256 2690 533 2759 conversionem
550 2689 731 2760 scribendi
747 2691 840 2759 ratio
865 2704 919 2761 est
939 2688 1174 2787 subsequuta.

130 2795 344 2872 Ciceroniana
366 2798 512 2869 dicendi
533 2804 625 2870 ratio
644 2804 830 2870 communi
857 2799 1017 2897 quodam
1044 2804 1081 2870 in
1109 2823 1176 2868 usu

130 2917 218 3002 atque
230 2908 424 2978 hominum
436 2934 537 2980 more
548 2915 682 2982 versari
696 2909 812 2982 desiit.
824 2916 1063 2983 Ornamenta²
1078 2923 1176 2980 recta

128 3017 298 3089 etsincera
320 3043 400 3114 quae
417 3033 500 3089 ante
525 3017 619 3091 belia
649 3020 921 3119 probabantur,
949 3034 1075 3116 postea
1096 3044 1174 3088 non

128 3128 193 3197 satis
209 3128 341 3200 idonea
359 3153 437 3200 esse
462 3134 537 3199 visa
552 3144 647 3200 suut.
669 3133 852 3202 Orationis
872 3136 1028 3228 copiosae
1049 3145 1087 3201 et
1101 3130 1174 3200 ele-

127 3240 222 3327 gantis
238 3254 388 3310 ornatus
403 3238 587 3336 repudiari
607 3255 798 3336 coeperunt
811 3267 818 3309 :
832 3239 947 3311 forma
967 3241 1065 3337 ipsa,
1085 3264 1174 3310 con-

127 3344 332 3446 cinnitasque
361 3348 559 3420 verborum
585 3364 622 3419 et
648 3351 910 3421 sententiarum
936 3350 1079 3435 laudata
1106 3365 1176 3429 est,

127 3475 185 3526 non
203 3484 245 3530 ea
261 3483 343 3557 quae
362 3473 492 3556 sponte
508 3484 546 3530 se
565 3456 692 3546 offert,
713 3459 775 3530 sed
791 3485 872 3557 quae
897 3459 1057 3530 studiose
1083 3483 1172 3530 con·

125 3568 271 3658 quiritur.
294 3569 394 3642 Nihil
405 3570 540 3666 placuit
558 3571 627 3640 nisi
645 3584 769 3666 argute
786 3567 1085 3667 dictum,ycallide
1108 3593 1170 3639 ex-

126 3680 300 3774 cogitatum
312 3707 322 3768 ;
336 3680 388 3750 nil
400 3681 477 3750 sine
492 3680 706 3777 pigmentis,
723 3678 812 3748 nihii
832 3679 909 3750 sine
924 3677 1007 3749 inco
1020 3677 1171 3775 puerili:

154 3954 171 3983 1.
184 3944 254 4005 Quod
267 3922 299 3992 de
312 3943 397 4005 Cestio
410 3942 485 3993 tradit
498 3944 554 3992 Seu.
568 3945 635 3992 Suus.
645 3944 701 3991 VH.

108 4122 111 4127 Ι
152 4059 171 4093 ².
185 4045 218 4103 cl.
228 4051 303 4099 abbas
315 4020 428 4110 Gedoyn,
438 4049 501 4123 pref.
509 4050 540 4097 de
553 4067 581 4097 sa
596 4050 662 4101 trad.
675 4050 705 4097 de
715 4049 815 4112 Quintii.
830 4034 930 4106 Fabius,
941 4051 990 4108 tx,
1001 4048 1026 4098 5.
1038 4050 1134 4096 Peteon.
1148 4064 1168 4094 1.

127 4127 244 4203 ffittonym.
254 4141 328 4208 epist.
339 4138 372 4187 ad
385 4140 477 4187 Parnm.
489 4151 513 4188 et
527 4140 657 4204 Nepotem.
716 4197 723 4210 ⁸
