2654 4822
216 397 237 439 x
620 373 877 441 PRAEFATIO

214 491 456 598 eloquentia,
478 518 566 600 quae
587 519 730 569 novam
755 492 811 570 eis
835 491 915 567 vim
940 488 1131 585 addebat,
1151 507 1284 568 tamen

215 611 333 691 rudes
362 641 436 692 nos
466 630 505 690 et
534 613 762 721 alienigenae
792 612 1066 717 intelligimus,
1098 630 1138 690 et
1162 614 1285 692 veluti

216 734 406 813 torrentis
421 731 530 812 fluvii
545 734 697 840 impetu
708 722 814 835 ultro
825 734 1078 842 volentesque
1091 735 1283 841 rapimur.

267 863 350 965 Age
369 859 493 955 enim,
517 860 550 937 si
571 859 614 936 in
635 859 755 965 hujus
780 877 934 938 tantum
957 859 1170 936 voluminis
1192 859 1285 936 liui-

213 983 289 1061 bus
315 1012 389 1061 nos
411 983 704 1078 contineamus,
727 983 816 1090 quis
835 1011 1023 1090 umquam
1042 983 1172 1060 verius
1194 1011 1285 1060 ora-

151 1179 154 1184 .
172 1150 176 1176 ι
214 1123 290 1203 tor,
306 1104 438 1202 idest,
465 1138 484 1176 «
498 1104 559 1181 vir
578 1104 709 1182 bonus
728 1130 772 1182 ac
789 1104 907 1182 fortis
922 1102 1081 1183 dicendi
1098 1106 1282 1211 peritus»

212 1231 383 1325 exstitit,
400 1256 519 1335 quam
540 1231 610 1336 qui
632 1228 798 1306 incivili
820 1257 958 1324 causa,
986 1229 1026 1304 in
1050 1229 1118 1306 illo
1138 1229 1284 1307 virium

212 1380 372 1430 suarum
387 1368 647 1447 tentamento,
664 1350 984 1456 circumscriptos
998 1350 1076 1428 sibi
1091 1352 1283 1431 terminos

213 1473 428 1579 egreditur,
460 1491 505 1551 ut
540 1474 735 1551 victarum
770 1476 944 1579 partium
977 1473 1206 1580 proditores
1238 1494 1286 1552 'ac

213 1599 438 1704 transfugas
457 1615 548 1675 ante
568 1599 653 1703 ipsa
673 1598 915 1676 vincentium
935 1622 1024 1694 ora,
1041 1597 1177 1676 debita
1196 1599 1283 1677 affi-

213 1723 292 1800 ciat
319 1721 567 1826 ignominia?
591 1724 685 1822 Quo
705 1739 835 1800 autem
854 1750 971 1800 sensu
995 1749 1286 1827 permovemur,

210 1874 337 1953 quum
355 1847 398 1922 in
414 1845 548 1922 Roscii
564 1846 741 1922 Amerini
757 1872 893 1941 causa,
912 1846 1027 1922 inter
1032 1847 1284 1924 servientium

215 1969 370 2048 silentia
386 1991 434 2082 aq
453 1986 624 2083 mctum,
639 1969 683 2044 iu
698 1968 768 2045 illo
785 1968 973 2046 scelerum
992 1970 1171 2046 omnium
1190 1988 1288 2048 aestu

186 2098 253 2203 ²...
217 2120 278 2172 ae.
265 2064 452 2194 furcis}
456 2069 737 2193 indolesbends
761 2092 936 2169 hominis
953 2091 1126 2169 liberam
1147 2116 1285 2172 vocem

190 2198 560 2328 'audimus,qut
535 2239 620 2292 non
645 2215 801 2293 minore
823 2216 984 2353 ingenio
1009 2244 1129 2322 quam
1153 2218 1288 2296 animo

214 2332 377 2417 Sullana
397 2336 521 2416 o'dilr
511 2365 554 2414 m
571 2367 611 2416 se
625 2362 781 2434 vocare,
792 2340 853 2415 rei
872 2367 1027 2417 causam
1046 2366 1068 2416 a
1085 2366 1154 2416 sua
1176 2360 1288 2446 sepa·-

216 2460 304 2538 ra're
314 2454 409 2563 sion
386 2443 597 2567 dubitat,
613 2478 653 2538 et
662 2460 902 2566 Reipublicae
912 2463 1089 2557 nomine,
1107 2462 1286 2540 miseram

217 2574 443 2690 temporum
459 2583 755 2679 conditionem,
768 2585 1005 2662 sicariorum
1020 2583 1225 2662 audaciam
1243 2587 1288 2663 li

218 2706 392 2787 berrima
417 2706 694 2812 indignatione
721 2709 1009 2816 conqueritur?
1039 2709 1087 2785 In
1112 2736 1157 2786 ea
1185 2729 1290 2789 certe

219 2832 417 2927 oratione,
440 2831 633 2907 maximus
648 2849 813 2937 apparet
826 2830 987 2923 Cicero;
1013 2848 1052 2907 et
1064 2831 1145 2936 jam
1160 2836 1288 2912 viru'm

220 2955 331 3032 illum
348 2954 547 3065 agnoscis,
563 2953 632 3057 qui
653 2952 692 3027 iu
713 2951 893 3029 Catilinae
913 2952 1069 3029 ruinam
1091 2981 1136 3030 ao
1152 2958 1289 3060 patriae

219 3076 360 3155 urescit
377 3074 552 3153 salutem.

274 3202 412 3306 Neque
440 3226 532 3276 sane
562 3199 605 3274 in
634 3199 809 3277 minimis
838 3199 939 3277 illu-d
971 3201 1156 3279 Ciceroni
1189 3203 1290 3293 tuit,

100 3430 106 3437 .
163 3361 172 3384 ·
220 3350 343 3435 quum
378 3349 467 3398 eum
505 3321 624 3398 Siculi
658 3325 835 3434 rogaturi
864 3322 1066 3421 adierunt,
1102 3343 1150 3403 ut
1181 3346 1288 3404 suam

220 3451 400 3555 ipsorum
427 3452 586 3520 causam
623 3442 810 3522 adversus
846 3444 969 3524 scelus
1005 3477 1050 3526 ac
1082 3449 1287 3528 libidinem

221 3595 372 3648 summa
387 3565 566 3673 potentia
576 3564 791 3643 'subnixam
805 3567 1046 3648 defenderet.
1054 3573 1181 3650 Tanta
1196 3602 1291 3652 sane

133 3678 135 3683 ’
220 3691 360 3799 populi
382 3688 506 3767 totius
533 3687 610 3767 fide
639 3687 805 3794 dignum
832 3720 871 3769 se
896 3695 1101 3799 praestitit3
1124 3714 1164 3774 et
1186 3717 1292 3803 post-

216 3842 339 3923 quam
360 3811 559 3891 Caecilium
580 3811 811 3918 quemdam,
835 3815 1005 3895 aVerri's
1027 3819 1209 3922 patronis
1225 3849 1293 3928 ap-

217 3935 846 4043 positumooutemptu,ridicula,
858 3955 982 4045 atque
992 3939 1087 4018 odio
1098 3940 1290 4047 perfudit,

219 4079 259 4138 et
272 4088 409 4163 omnes
425 4060 482 4137 rei
503 4057 726 4137 insidiosae
745 4077 848 4137 artes
865 4060 1070 4167 diligentia
1087 4090 1132 4142 ac
1143 4066 1291 4148 virtute
