2654 4822
205 383 287 476 xviij
607 387 874 461 PRAEFATIO

203 509 310 603 primi
326 505 607 589 descenderunt;
622 505 687 576 abs
704 532 743 583 re
761 530 838 583 nou
853 507 938 591 erit,
952 504 998 593 de
1017 509 1205 592 Ciceronis¹
1216 531 1276 604 ge·
1313 567 1319 578 .

203 639 291 687 nere
315 613 475 698 dicendi,
496 629 533 686 et
562 640 656 711 quos
680 613 945 701 obtrectatores
967 615 1154 704 hahuerit,
1181 643 1276 701 uon-

202 725 301 795 nulla
323 727 550 821 praemittere.
584 726 811 822 Eloquentiae
832 750 997 797 summus
1011 725 1137 812 ,honos
1154 726 1277 799 liberis

205 840 243 905 iu
264 834 469 907 civitatibus
487 861 631 934 semper
650 834 797 907 habitus
820 851 882 909 est.
902 839 1039 929 Graecia
1058 850 1199 924 tamen,
1221 852 1276 908 at-

203 970 276 1043 que
306 945 398 1017 adeo
421 947 589 1034 Athenae,
618 946 682 1016 ubi
714 976 732 1012 a
749 948 864 1044 prima
886 948 1056 1042 vestigia,
1092 971 1136 1030 ac
1160 972 1276 1046 prope

186 1054 424 1143 incunabula
444 1059 677 1152 reperiuntur
695 1056 930 1153 eloquentiae,
947 1081 1074 1129 omnes
1097 1072 1192 1145 artes
1213 1083 1275 1130 ve·

203 1168 372 1239 tustiores
390 1163 544 1252 habeut,
570 1180 606 1236 et
623 1165 741 1243 multo
757 1180 841 1238 ante
860 1190 937 1237 non
952 1168 1116 1253 inventas
1138 1167 1275 1248 solum,

202 1275 265 1346 sed
283 1276 389 1347 etiam
407 1274 605 1371 perfectas,
623 1300 733 1371 quam
752 1275 828 1347 haec
841 1290 929 1361 esta
948 1277 1079 1369 Graecis
1094 1275 1276 1359 elaborata

201 1383 346 1457 dicendi
368 1386 420 1456 vis
446 1400 557 1482 atque
577 1387 682 1482 copia
696 1416 721 1453 ι).
751 1388 825 1471 Cic,
841 1387 877 1457 iu
900 1390 1032 1471 Bruto,
1064 1410 1094 1471 e.
1113 1412 1145 1482 7.
1181 1392 1275 1458 Ante

200 1494 508 1585 Demosthenem,
522 1497 559 1565 in
573 1520 649 1590 quo
660 1496 817 1575 max-ime
831 1494 1006 1593 perfectio
1019 1495 1164 1583 dicendi
1177 1497 1278 1595 apud

195 1609 362 1686 Graecos,
377 1603 632 1702 absolutioque
649 1604 757 1690 fuisse
769 1606 964 1699 judicatur,
980 1608 1088 1705 pauci
1107 1622 1192 1679 suut
1212 1612 1277 1705 qui

202 1715 446 1812 eloquentiam
460 1714 598 1786 fuerint
611 1719 844 1812 consequuti,
858 1719 905 1800 ita
920 1734 960 1786 ut
973 1719 1058 1798 artis
1070 1716 1278 1791 rudimenta

202 1825 459 1900 tantummodo
477 1828 593 1922 posita
607 1824 716 1905 fuisse
733 1825 934 1899 videantur.

251 1941 374 2007 Romae
389 1937 553 2032 quamvis
566 1960 706 2007 merces
719 1935 938 2031 amplissima
951 1933 1113 2017 facultati
1132 1934 1278 2007 dicendi

203 2046 390 2143 proposita
403 2043 523 2134 luerit,
537 2069 577 2115 ac
588 2068 653 2141 per
670 2067 749 2115 eam
764 2043 881 2113 aditus
899 2045 1055 2141 patuerit
1063 2043 1107 2130 ad
1117 2042 1280 2128 honores

203 2180 371 2252 quosque
383 2157 578 2241 maximos,
596 2154 835 2227 nihilominus
846 2152 1048 2235 tardissime
1056 2180 1158 2243 suam
1168 2159 1277 2239 etiam

201 2267 446 2353 maturitatem
470 2279 663 2360 assequuta
679 2278 743 2337 est.
774 2264 860 2357 Ejus
880 2266 1058 2361 originem
1080 2269 1156 2361 jam
1179 2292 1200 2337 a
1219 2293 1276 2339 re·

203 2400 291 2472 gum
317 2374 544 2473 temporibus
565 2375 698 2472 repetit
725 2373 875 2471 quidem
895 2375 1034 2456 Tullius
1059 2378 1164 2457 initio
1191 2376 1277 2459 libri

203 2485 248 2559 de
268 2485 311 2556 cl.
327 2485 509 2557 Oratorib.
536 2483 606 2559 Sed
624 2483 672 2559 ab..
692 2484 749 2557 his
778 2485 889 2559 initiis
909 2483 1112 2583 profectus,
1141 2500 1177 2556 et
1195 2511 1276 2564 om-

200 2599 305 2669 uium
330 2611 476 2685 aetatum
495 2599 792 2694 'progressionem
814 2610 1076 2692 persequutus,
1099 2619 1278 2692 suppares

200 2711 293 2778 aetati
309 2730 380 2779 suae
399 2709 566 2779 Crassum
581 2721 617 2778 et
628 2709 848 2795 Antonium,
868 2710 927 2783 vix
946 2705 1128 2802 repperit,
1143 2705 1181 2775 in
1195 2707 1277 2801 qui·

205 2817 276 2888 bus
306 2817 598 2914 «primumcum
621 2820 831 2894 Graecorum
859 2816 972 2912 gloria
993 2815 1102 2885 latine
1132 2814 1278 2901 dicendi

204 2932 309 3027 copia
329 2926 459 2999 fuerit¹
481 2940 663 3023 aequata»;
682 2948 904 3023 quamquam
925 2929 964 3013 in
984 2923 1088 2997 eade
1110 2949 1148 3026 se
1170 2939 1207 2995 et
1228 2925 1275 3009 de

202 3043 329 3110 Crasso
347 3039 423 3136 ipse
442 3061 518 3117 non
538 3035 608 3112 fuit
627 3037 801 3134 opinione
823 3039 1024 3121 Antonius,
1053 3039 1118 3132 qui
1136 3034 1275 3120 diceret

201 3149 379 3223 «disertos
402 3174 439 3221 se
464 3148 594 3228 vidisse
611 3146 764 3233 multos,
784 3148 1018 3244 eloquentem
1043 3147 1194 3229 omuino
1214 3170 1276 3218 ne·

116 3249 123 3265 '
202 3262 337 3334 minem
352 3290 379 3327 ».
403 3264 501 3331 Orat.
532 3266 569 3346 I,
599 3286 656 3337 nr,
680 3264 776 3354 Ergo
800 3259 884 3328 artis
906 3253 1075 3352 perfectae
1103 3279 1275 3331 consum-

203 3385 379 3465 mataeque
404 3369 555 3464 gloriam
575 3371 703 3446 Cicero
727 3368 865 3463 primus
888 3365 1058 3447 ostendit
1086 3369 1120 3437 Is
1143 3365 1277 3438 «dono

199 3480 361 3576 quodam
383 3476 617 3575 providentiae
631 3478 790 3573 genitus,
812 3479 849 3549 iu
869 3500 945 3574 quo
963 3490 1056 3564 totas
1076 3476 1170 3546 vires
1192 3499 1275 3548 suas

200 3588 411 3685 eloquentia
431 3587 682 3683 experiretur»
695 3587 919 3685 (Quintil.X‚
940 3587 989 3680 i),
1002 3586 1137 3668 Latinis
1154 3588 1273 3657 omni·

204 3697 275 3773 bus
292 3699 470 3793 superior,
482 3696 571 3784 nulli
586 3701 794 3793 Graecorum
809 3696 970 3786 inferior,
987 3695 1273 3785 Demosthenem

199 3820 263 3876 aut
274 3810 446 3902 aequavit,
462 3822 524 3879 aut
543 3811 651 3881 etiam
665 3811 858 3909 superavit.
877 3813 962 3885 Erat
975 3809 1014 3881 in
1033 3832 1077 3883 eo
1096 3808 1273 3881 nimirum

198 3917 501 4012 praestantissimi,
522 3933 559 3989 et
582 3920 626 3990 ad
647 3918 848 4017 quamlibet
873 3919 1075 3999 doctrinam
1105 3917 1273 3993 celeriter

196 4027 438 4123 arripiendam
470 4033 730 4128 promptissimi
766 4054 919 4108 acumen
948 4029 1083 4125 ingenii
1119 4055 1126 4096 :
1158 4027 1271 4105 literis

237 4187 260 4219 ι.
274 4174 311 4220 Do
321 4173 391 4221 elaris
401 4177 497 4223 Orator.
507 4192 561 4239 cap.
575 4179 632 4226 138.
