2654 4822
117 378 140 461 4

456 375 840 444 ARGUMENTUM.

161 496 239 555 bona
256 495 429 573 proscribit,
456 508 486 553 et
508 509 662 573 antequam
683 495 814 573 jussisset
834 508 962 574 prator,
991 496 1144 570 Quintium
1169 520 1186 558 e

155 591 357 652 communibus
373 593 403 650 in
417 592 511 650 Gallia
526 591 613 649 bonis
627 591 692 669 ejici
707 605 799 650 curat.

195 693 278 746 Tunc
295 708 366 746 vero
384 689 606 767 proscriptionis
624 687 739 746 libellos
759 692 825 748 Sex.
844 687 996 766 Alphenus
1020 688 1136 766 dejicit,
1156 712 1187 750 se

155 785 267 858 Quintil
280 799 502 864 procuratorem
514 784 680 857 denuntiat,
692 798 721 842 et
734 783 845 861 judicio
860 783 1057 843 defensurum.
1069 788 1189 846 Naevius

153 881 265 939 interea
275 859 413 959 postulat,
422 894 454 940 ut
468 895 642 959 procurator
652 880 815 958 judicatum
828 880 903 939 solvi
917 880 1048 955 satisdet,
1066 883 1086 940 i.
1099 904 1126 942 e.
1145 883 1189 942 lo-

153 978 282 1055 cupletes
296 977 345 1036 det
358 977 559 1056 fidejussores,
574 978 625 1054 qui
639 997 692 1035 suo
704 977 837 1056 periculo
852 990 991 1056 praestent
1007 992 1122 1038 tautum
1136 1001 1188 1038 so-

153 1077 247 1134 lutum
260 1077 314 1148 iri,
335 1088 493 1153 quantum,
503 1073 615 1151 judicio
630 1074 725 1146 facto,
740 1075 815 1134 solvi
829 1087 997 1153 oporteret,
1011 1077 1036 1133 si
1049 1079 1189 1150 Quintius

154 1174 352 1232 damnaretur.
363 1172 550 1251 Cogebantur
560 1186 656 1230 autem
668 1171 822 1242 satisdare,
834 1173 885 1249 qui
897 1172 1095 1232 vadimonium
1106 1174 1189 1234 dese·

152 1285 288 1340 ruerant,
311 1271 336 1328 si
349 1271 429 1328 litem
443 1271 607 1329 instaurare
623 1271 747 1342 vellent,
764 1270 871 1348 partim
892 1291 929 1328 ne
946 1291 1047 1345 rursus
1066 1272 1188 1350 impune

155 1368 297 1440 fallerent,
310 1368 416 1446 partim
429 1368 499 1445 quia
510 1366 668 1425 creditores
680 1367 820 1446 suspicari
833 1380 968 1446 poterant
982 1388 1032 1426 eos
1046 1369 1188 1428 solvendo

154 1484 214 1523 uon
233 1486 310 1539 esse,
327 1485 418 1542 quum
434 1484 538 1522 eorum
553 1462 633 1521 bona
647 1483 684 1521 ex
702 1463 797 1521 edicto
812 1465 943 1542 praetoris
960 1465 1189 1543 possiderentur.

152 1569 247 1641 Negat
259 1563 412 1642 Alphenus
424 1582 538 1639 aequum
552 1580 624 1630 esse,
636 1575 856 1639 procuratorem
868 1561 1018 1634 satisdare,
1026 1563 1108 1639 quod
1120 1559 1192 1623 reus¹

130 1654 136 1667 ⁴
153 1661 293 1719 satisdare
307 1680 366 1717 non
381 1658 519 1732 deberet,
533 1661 558 1717 si
569 1661 631 1738 ipse
642 1657 770 1731 adesset,
785 1679 823 1717 sc.
838 1660 907 1736 quia
920 1679 974 1716 nec
987 1660 1188 1721 vadimonium

153 1758 336 1828 deseruerat,
350 1777 405 1814 nec
420 1755 499 1813 bona
513 1756 575 1833 ejus
590 1776 627 1814 ex
639 1755 736 1813 edicto
752 1775 768 1812 a
783 1756 885 1813 Naevio
900 1755 1043 1834 possideri
1051 1757 1119 1834 jure
1131 1779 1188 1837 po-

152 1866 257 1910 terant.
275 1852 471 1932 Appellantur
487 1850 612 1910 tribuni:
623 1852 742 1930 petitur,
759 1863 792 1909 ut
808 1849 946 1909 adversus
964 1852 1092 1912 edictum
1113 1860 1188 1914 Bur-

155 1949 250 2008 rhieni
263 1949 444 2008 intercedant
456 1971 465 2023 3
490 1961 520 2006 et
533 1947 605 2006 idib.
622 1961 696 2026 sept·
708 1954 741 2007 P.
755 1948 906 2024 Quintium
919 1949 981 2007 sisti
995 1954 1062 2010 Sex.
1076 1953 1190 2032 Alphe-

157 2067 212 2104 nus
229 2047 384 2125 promittit.
705 2042 707 2047 ’
1154 2074 1158 2078 ·

195 2143 284 2202 Venit
297 2150 420 2204 Romam
433 2145 583 2219 Quintius,
598 2143 797 2204 vadimonium
822 2147 917 2205 sistit:
940 2148 1058 2208 Naevius
1080 2167 1190 2208 annum

156 2258 186 2302 et
206 2263 258 2302 sex
275 2263 387 2302 menses
407 2245 479 2302 nihil
498 2245 587 2322 petit,
610 2245 741 2322 quiescit.
763 2249 790 2302 A
813 2250 864 2304 Cn.
886 2246 1043 2305 Dolabella
1062 2247 1189 2326 denique

156 2355 281 2419 praetore
299 2341 440 2419 postulat,
462 2353 494 2398 ut
509 2340 565 2399 sibi
583 2342 719 2414 Quintius
731 2342 893 2419 judicatum
915 2344 990 2402 solvi
1012 2344 1132 2402 satisdet
1154 2367 1190 2404 ex

156 2438 296 2510 formula,
317 2440 394 2514 quod
408 2436 446 2494 ab
463 2458 495 2493 eo
505 2451 605 2514 petat,
622 2438 702 2509 eujus
722 2459 760 2496 esc
777 2442 866 2496 edicto
882 2442 1019 2516 praetoris
1036 2440 1110 2497 bonu
1131 2445 1191 2498 dics

157 2555 215 2591 xxx
227 2555 362 2610 possessa
379 2547 454 2592 sunt.
468 2539 578 2592 Praetor
593 2534 733 2592 adversus
751 2536 916 2613 aequitatem
934 2556 967 2593 ac
982 2556 1093 2594 morem
1106 2537 1191 2614 jubet

159 2634 191 2687 P.
204 2630 366 2702 Quintium,
379 2643 429 2687 aut
448 2629 601 2703 satisdare,
616 2645 667 2689 aut
682 2632 869 2707 sponsionem
885 2652 950 2689 cum
963 2633 1065 2691 Naevio
1078 2633 1191 2705 facere,

157 2730 185 2784 si
197 2726 269 2783 bona
282 2747 335 2783 sua
346 2747 385 2783 ear
395 2731 484 2785 edicto
492 2731 526 2786 P.
537 2731 692 2787 Burrltieni
698 2714 835 2806 proeton's
847 2733 908 2787 dies
921 2751 981 2787 xxx
986 2752 1121 2806 possesso
1135 2754 1191 2788 non

159 2836 264 2894 essent,
282 2823 301 2881 i.
314 2842 339 2881 e.
351 2837 430 2881 certa
442 2827 565 2902 pecunia
580 2845 647 2883 eum
662 2847 841 2903 provocare,
861 2839 893 2883 ut
904 2827 1014 2884 nullam
1030 2827 1118 2884 luisse
1133 2826 1192 2886 bo-

157 2940 263 2979 norum
283 2939 403 2978 suorum
426 2921 638 2996 possessionem
662 2912 844 2994 ostenderet,
870 2942 927 2999 qua
948 2924 1059 2980 ratione
1081 2924 1145 3001 ipse
1161 2938 1192 2982 ut

160 3020 269 3098 petitor
288 3017 387 3096 priore
408 3018 475 3075 loco
493 3037 608 3076 causam
630 3017 727 3076 dicere
748 3017 917 3096 cogebatur.
932 3019 1082 3078 Clamabat
1100 3041 1192 3099 porro

162 3117 298 3191 Quintius
312 3136 373 3175 sese
390 3114 501 3173 idcirco
514 3116 592 3174 nolle
608 3110 767 3186 satisdare,
783 3137 820 3175 ne
835 3116 983 3176 videretur
995 3117 1073 3176 bona
1086 3139 1139 3176 sua
1148 3119 1192 3196 ju-

164 3211 273 3272 dic'asse
290 3234 326 3271 ex
342 3212 437 3272 edicto
456 3233 597 3291 possessm
616 3213 696 3291 quod
712 3215 736 3272 si
752 3214 941 3296 concederet,
964 3205 1161 3274 vadimonium
1176 3237 1192 3274 a

161 3330 192 3368 se
204 3308 349 3366 desertum
361 3310 512 3379 fateretur,
527 3322 556 3368 et
566 3309 674 3367 bonam
686 3311 927 3368 existimationem
941 3310 1092 3387 perderet3
1108 3333 1192 3390 spon·

162 3407 272 3464 sionem
286 3424 358 3462 vero
372 3406 398 3462 si
409 3403 572 3467 istiusmodi
588 3407 706 3476 faceret,
722 3426 753 3463 se
772 3406 809 3463 de
827 3426 928 3479 causa,
944 3409 974 3465 in
991 3429 1064 3484 qua,
1085 3423 1192 3486 praeter

164 3486 311 3575 fortunas,
324 3502 474 3561 'lamasua
489 3514 519 3560 et
535 3522 646 3559 summa
660 3503 1072 3581 existimatiopericlitaretur,
1093 3507 1192 3584 priore

161 3603 227 3659 loco
241 3601 401 3671 dicturum;
414 3619 479 3677 quae
496 3599 624 3656 conditio
643 3620 711 3657 sane
723 3615 786 3658 erat
798 3602 907 3679 iniqua.
924 3603 1059 3674 Quintius
1075 3603 1192 3661 taudem

164 3717 200 3755 ex
213 3689 332 3754 'duabus
351 3696 567 3755 conditionibus
590 3697 710 3755 alteram
729 3699 824 3776 eligit,
848 3688 882 3756 u't
905 3699 1092 3779 sponsionem
1113 3701 1192 3759 illam

164 3795 264 3867 faciat,
284 3792 376 3869 judex
396 3793 483 3852 datur
505 3797 537 3852 C.
556 3794 837 3870 Aquillius‘Gallus,
859 3795 933 3873 juris
955 3796 1047 3854 civilis
1072 3797 1192 3859 scientia

75 3927 82 3933 -
163 3890 354 3961 clarissimus,
366 3903 396 3947 et
408 3901 509 3967 postea
522 3890 611 3949 Tullii
625 3891 656 3947 in
670 3904 798 3969 praetura
812 3891 942 3970 collega,
957 3894 1007 3970 qui
1026 3905 1084 3951 tres
1100 3893 1192 3970 juris-

70 3980 71 3983 '
154 3987 326 4073 consultos,
351 3991 393 4044 M.
417 3985 607 4057 Marcellum,
636 3991 669 4044 P.
696 3987 887 4059 Quintilium,
913 3983 946 4047 E.
965 3990 1137 4062 Lucullum,
1161 3993 1192 4050 in

164 4084 316 4145 consilium
339 4083 400 4144 sibi
415 4083 548 4144 advocat.
567 4088 665 4159 Quum
686 4084 774 4162 igitur
794 4105 849 4162 pro
866 4086 987 4160 Quintio
1010 4087 1114 4166 saepius
1130 4087 1192 4165 jam
