2654 4822
271 343 506 413 NICOLAI
538 346 886 418 uEsJARDINs
1044 377 1115 421 xxv
1166 381 1176 412 ι
1290 377 1293 382 ’

62 461 278 566 ignoscenda3
303 477 354 533 et
368 477 410 533 ut
436 477 536 560 grata
557 468 679 562 potius
708 490 819 563 quam
840 490 1011 570 arrogans
1036 495 1115 545 esse

61 571 216 644 videatur.
234 573 351 645 Aliam
365 565 520 644 Fabius
510 577 579 645 mit
594 578 688 646 viam
705 575 886 673 purgandi
901 585 1117 674 arrogantiae
1224 615 1226 620 ’
1284 629 1290 637 -

63 684 238 769 Ciceronis.
260 683 500 780 Plerumque,
522 686 644 781 inquit
658 685 809 783 Quintil.
825 683 889 754 ubi
912 709 1037 783 supra,
1056 693 1115 762 Ci-

26 885 29 892 ,
64 817 131 862 cero
146 793 189 864 de
204 797 280 864 suis
293 793 402 864 rebus
418 794 528 889 gestis
547 819 624 864 non
642 797 719 865 sine
732 793 853 890 aliqua
871 796 1013 871 ratione
1032 820 1117 894 prae·¹

64 901 184 973 dicarit
209 907 312 972 «Aut
339 906 436 974 enim
462 902 635 975 tuebatur
661 928 739 992 eos,
769 903 903 1001 quibus
925 921 1002 976 erat
1029 933 1118 981 usus

65 1010 295 1105 adjutoribus
286 1037 325 1082 ιιι
339 1013 579 1114 opprimenda
595 1014 863 1109 conjuratione3
883 1025 946 1085 aut
962 1039 1113 1113 respon-

65 1120 152 1194 debat
170 1122 344 1193 invidiae:
370 1123 582 1193 utiliorum
606 1148 687 1220 quae
713 1137 836 1218 egerat
860 1123 899 1192 in
922 1125 1115 1199 consulatu

65 1229 213 1330 frequens
232 1234 533 1304 commemoratio
547 1236 660 1330 possit
677 1231 793 1302 videri
808 1256 883 1301 non
900 1231 1021 1328 gloriae
1038 1255 1114 1307 ma-·

53 1333 121 1434 gis,
138 1366 248 1438 quam
270 1338 474 1412 defensioni
494 1340 586 1412 data.
602 1371 619 1406 »

10 1452 17 1503 ’-
99 1453 151 1522 His
168 1449 261 1521 iilud
278 1453 387 1521 etiam
401 1450 558 1539 accedit,
578 1451 680 1548 quod
692 1476 809 1548 quum
823 1451 1006 1523 nobilitati
1022 1471 1115 1528 esset

64 1560 154 1632 invisa
169 1562 290 1649 omnis
308 1585 490 1631 novorum
507 1559 699 1631 hominum
719 1560 914 1650 industria,
936 1561 1040 1657 cujus
1057 1565 1114 1636 ιιι-Ι

63 1666 209 1740 radendae
219 1668 343 1738 locum
356 1692 519 1764 quaerere
529 1668 590 1740 illa
606 1695 683 1741 non
698 1669 902 1759 desinebat,-
917 1673 1117 1769 cogebatur

63 1779 194 1866 Tullius,
217 1800 336 1850 novus
358 1777 488 1868 homo,
514 1779 560 1850 de
586 1785 658 1852 suis
684 1784 826 1878 egregie
852 1780 954 1852 factis
985 1785 1115 1881 saepius

64 1891 254 1983 predicare,
273 1904 315 1960 ut
341 1888 494 1962 haberet
518 1891 619 1986 quod
644 1905 848 1990 opponeret
876 1893 1113 1990 imaginibus,

62 1999 305 2088 consulatibus,
323 2014 359 2070 et
376 1999 593 2102 triumphis,
614 2027 706 2099 quos
725 2027 801 2073 non
823 2027 928 2092 sune,
950 2004 1014 2076 sed
1034 2031 1109 2076 ma-

61 2105 350 2201 bumanorum,
378 2109 520 2182 nobiles
542 2111 784 2183 ostentabant.
805 2113 911 2183 Haud
932 2114 1038 2184 aiiam
1060 2115 1110 2186 ob

64 2241 180 2295 causam
203 2224 345 2292 Marius
361 2219 461 2318 apud
481 2221 656 2293 sallust·
649 2249 686 2294 ιιι
707 2229 787 2320 Jug
810 2247 888 2321 cap.·
911 2223 977 2311 83,
1004 2223 1109 2298 dese

66 2332 425 2430 magnificepraedicat,
438 2331 880 2429 quohominumcveteris
885 2340 1110 2434 prosapiae»,

65 2446 149 2533 utait,
159 2443 459 2539 «multarumque
468 2444 666 2540 imaginum
676 2474 693 2510 >r
705 2444 913 2546 superbiam
927 2446 1108 2520 retundat·

63 2551 130 2625 Male
145 2556 275 2652 igitur,
297 2552 399 2650 quod
416 2554 454 2623 in
472 2557 603 2643 Mario,
626 2555 712 2651 quia
728 2557 940 2625 necessitate
961 2576 1108 2630 coactus

61 2654 133 2752 secit,
142 2689 218 2734 non
234 2662 534 2760 reprehenditur3
545 2662 582 2733 id
596 2667 632 2733 in
640 2663 770 2758 Tullio,
783 2666 887 2761 quasi
901 2665 946 2736 sit
955 2665 1108 2741 levitatis

61 2772 190 2862 crimen,
213 2797 291 2842 non
308 2768 433 2842 eadem
454 2774 675 2844 necessitatis
697 2798 819 2862 causa,
838 2792 1067 2872 coarguetur.

75 2875 79 2888 ¹
92 2884 243 2984 Crimina
259 2895 433 2980 praeterea
446 2896 532 2952 sunt
543 2881 639 2972 duo,
654 2909 736 2979 quae
752 2887 937 2955 Ciceronis
951 2888 989 2955 in
1006 2889 1106 2984 inge-

57 2993 138 3063 nium
153 2996 264 3064 etiam
277 2988 521 3062 conferantur.
540 2997 583 3062 In
601 2987 799 3064 refellendo
816 2993 1040 3084 adversario,
1054 2999 1107 3068 in-

56 3106 182 3195 quiunt,
199 3117 256 3173 est
267 3100 495 3171 mordacior:
512 3116 649 3172 naturae
664 3127 736 3173 suae
751 3101 886 3174 facetiis
899 3104 1104 3202 indulgenti

54 3203 207 3284 libentius
232 3209 461 3307 obsequitur.
495 3208 675 3306 Objicitur
695 3212 748 3281 ilii
767 3220 901 3283 cunina
916 3213 1105 3303 facundia,-

53 3323 135 3415 quod
156 3347 261 3393 more
280 3344 413 3391 canum
433 3319 640 3391 remordeat
661 3320 870 3392 lacessitus:
894 3326 933 3392 in
952 3349 1049 3421 qu0,
1068 3341 1106 3396 et

52 3435 120 3526 quia
131 3432 222 3504 dixit
241 3436 281 3502 in
295 3429 397 3500 libris
414 3429 461 3501 de
475 3428 630 3519 osficiis,
645 3430 763 3501 virum
776 3429 919 3501 bonum
932 3457 1017 3503 eum
1027 3457 1106 3506 esse

50 3546 100 3635 qui
116 3545 230 3669 prosit
251 3539 388 3637 quibus
407 3544 539 3639 possit,
557 3556 687 3611 noceat
701 3542 856 3629 nemini,
874 3545 976 3613 «nisi
966 3544 1104 3616 Ιιιοει-Ι

50 3653 124 3725 situs
144 3653 333 3749 injuria»,
347 3651 471 3723 multis
499 3677 583 3724 eum
608 3650 729 3722 verbis
751 3655 981 3724 Lactantius¹
1005 3657 1104 3727 inse-

50 3775 161 3853 ctatur,
179 3763 332 3836 velut
306 3787 336 3832 st
355 3765 394 3832 in
411 3764 587 3834 Cicerone
605 3786 746 3860 pagano
763 3759 850 3833 ferri
865 3789 940 3834 non
953 3763 1105 3852 debeat,

50 3876 166 3966 quod
157 3902 197 3946 m
222 3872 374 3944 homine
396 3873 592 3945 christiano
618 3871 745 3969 religio
766 3888 874 3970 negat
895 3871 1102 3945 ferendum

80 4112 97 4146 1.
108 4101 141 4148 De
155 4114 215 4147 vero
230 4095 321 4155 Cultu,
336 4096 353 4143 i.
364 4113 387 4146 e.
399 4097 500 4160 listi,
515 4116 568 4164 cap.
583 4099 622 4146 18.
655 4069 686 4129 ⁰⁸
873 4146 875 4150 .

131 4187 156 4254 I.
181 4199 299 4263 Ciopars
315 4193 424 4245 secunda.
959 4173 982 4244 b
