2654 4822
280 362 508 431 ruconxl
537 363 880 432 unsixanms.
1062 364 1119 456 xxj

57 500 129 555 tum
141 484 233 553 illud
247 507 323 553 esse
336 484 450 552 critici
464 482 701 578 putant,styli
711 483 902 554 exercendi
914 484 1026 578 gratia
1038 509 1125 554 con·

57 598 245 691 scriptum,
270 592 394 689 quales
413 606 498 662 sunt
521 591 745 662 laudationes
765 591 981 679 Phalaridis,
1002 593 1126 664 Ebrie-

56 709 145 791 tatis,
166 719 203 774 et
224 717 430 774 ceterorum
453 699 489 770 id
511 725 625 796 genus
644 726 664 770 a
682 700 961 787 recentioribus,
982 727 1059 771 non
1078 701 1125 772 ad

57 816 103 884 rei
116 816 324 899 veritatem,
341 809 412 881 sed'
424 810 468 880 ad
486 810 570 906 styli
590 814 883 881 exercitationem
900 813 1122 910 conscripta.

55 926 161 1019 Atqui
175 920 354 1019 ejusmodi
365 922 651 1018 vituperationes
666 920 711 991 ab
730 921 868 992 insulso
886 921 1126 994 declamatore

54 1033 130 1104 data
148 1057 262 1130 opera
278 1046 516 1118 coacervatae,
535 1055 582 1100 an
604 1056 781 1127 umquam
800 1033 1037 1103 accusationis
1054 1034 1127 1101 vim

55 1144 142 1241 apud
161 1145 323 1239 aliquem
341 1139 578 1226 obtinebunt,
602 1141 669 1210 nisi
688 1145 767 1237 ipse
787 1145 831 1211 sit
846 1140 1127 1212 insulsissimus?

54 1255 166 1323 Fictus
195 1252 256 1322 ille
281 1250 471 1320 Sallustius
493 1274 537 1319 ex
564 1249 688 1320 Caleni
716 1253 881 1320 oratione
907 1254 1126 1349 excerpsisse

54 1363 192 1434 videtur
211 1362 408 1432 calumnias
430 1384 572 1445 omnes,
596 1385 677 1455 quae
697 1375 912 1455 argumento
930 1361 1031 1457 quod
1053 1376 1127 1432 tra-

54 1472 220 1543 ctandum
231 1484 449 1568 susceperat,
459 1484 581 1540 essent
595 1469 892 1541 accommodatae:
907 1470 1004 1541 unde
1019 1475 1124 1541 etiam

55 1583 160 1683 levior
177 1581 219 1650 fit
234 1583 310 1675 ejus
328 1583 520 1651 auctoritas
536 1607 544 1647 ε
561 1595 597 1650 et
612 1581 719 1651 simul
731 1581 936 1652 ostenditur
950 1582 1126 1652 Calenum

54 1717 161 1762 unum
189 1716 287 1771 esse,
317 1715 337 1761 a
362 1715 437 1786 quo
459 1695 527 1760 ista
551 1688 715 1788 profecta
739 1695 812 1762 sint
837 1697 876 1762 in
899 1695 1123 1762 Ciceronem.

55 1805 160 1872 Porro
171 1801 335 1892 Quintus
350 1798 471 1870 Fufius
482 1800 639 1872 Calenus
651 1800 768 1872 fuerat
782 1806 820 1873 in
835 1801 998 1902 partibus
1011 1808 1124 1875 Caesa·

42 1940 44 1944 ⁴
56 1916 95 1980 ris
108 1925 239 1982 contra
249 1911 480 2006 Pompeium;
492 1924 601 2007 atque
613 1928 737 2008 postea
752 1912 942 1984 studuerat
956 1913 1125 1985 ardenter
1222 1993 1225 1996 ,

56 2022 342 2116 lutoni0,quem
352 2017 559 2116 reipublicae
569 2020 848 2109 hostem,Tulli0
859 2025 1125 2111 annitente,se-

57 2145 152 2200 natus
164 2127 400 2224 judicaverat.
416 2130 582 2200 Graviter
597 2145 634 2202 et
650 2131 780 2202 acerbe
796 2132 992 2229 (Philvlll
1007 2149 1042 2204 et
1056 2136 1124 2226 X),

56 2236 156 2336 idque
189 2264 268 2308 non
295 2239 425 2325 semel,
449 2240 588 2310 Tullius
614 2242 652 2308 in
677 2256 805 2311 senatu
829 2241 968 2312 dixerat
999 2258 1124 2312 contra

59 2350 246 2436 Calenum,
268 2370 450 2418 summum
470 2352 618 2421 Antonii
635 2353 792 2421 amicum
815 2366 851 2422 et
869 2350 1121 2422 defensorem:

56 2484 187 2528 summa
210 2483 298 2555 ergo
319 2457 387 2527 fuit
414 2461 508 2529 inter
536 2485 597 2530 eos
627 2460 802 2531 dissensio
829 2460 1047 2549 voluntatis,
1081 2477 1122 2531 ut

46 2574 179 2641 mirum
202 2593 282 2638 non
300 2569 360 2655 sit,
383 2570 412 2637 si
435 2568 533 2639 hunc
552 2570 611 2640 ille
631 2572 877 2640 inimicissime
898 2585 1008 2666 atque
1027 2569 1119 2641 infe-

54 2681 198 2751 stissime
219 2681 427 2749 insectetur.
447 2684 545 2750 Fecit
564 2683 696 2767 iratus,
724 2679 810 2751 lecit
832 2681 1015 2767 inimicus,
1039 2679 1123 2751 fecit

56 2791 141 2862 ultor
167 2790 307 2860 doloris
332 2790 406 2875 sui,
430 2804 465 2860 et
484 2791 634 2887 punitor
651 2791 809 2885 injuriae,
829 2816 939 2887 quam
962 2793 1121 2860 Antonio

57 2898 177 2972 iactam
204 2899 315 2969 fuisse
340 2897 594 2970 arbitrabatur.
628 2906 675 2973 At
703 2905 741 2970 in
768 2900 973 2971 exulcerato
1001 2903 1122 2980 animo

56 3009 174 3082 fictum
193 3014 332 3081 crimen
351 3011 442 3105 quin
462 3008 565 3081 facile
578 3027 757 3096 nascatur,
771 3036 881 3081 nemo
898 3027 952 3081 est
967 3015 1120 3083 nescius.

57 3125 223 3192 Praeterea
242 3121 446 3190 criminatio
466 3118 590 3188 Caleni
609 3144 689 3215 quae
712 3121 787 3190 est?
814 3125 950 3189 Omnes
969 3123 1128 3213 omnino¹

56 3247 184 3303 naturae
205 3245 242 3301 et
258 3232 393 3326 ingenii
410 3229 560 3298 virtutes
574 3229 692 3298 Tullio
704 3229 858 3299 Calenus
873 3227 1070 3324 abjudicat,
1086 3245 1122 3302 et

56 3343 227 3411 contraria
253 3340 402 3436 singulis
429 3336 624 3409 virtutibus
643 3342 729 3409 vitia
752 3340 784 3410 ei
810 3339 1043 3437 impudenter
1068 3341 1122 3411 af·

54 3451 158 3551 lingit.
178 3451 370 3525 Maledicta
384 3454 423 3522 in
438 3455 547 3523 vitam
563 3453 709 3524 alterius
724 3469 797 3524 tam
812 3455 1028 3551 petulanter,
1048 3470 1121 3525 tam

55 3587 193 3660 aspere,
218 3580 294 3634 tam
325 3561 493 3633 ferociter
516 3564 682 3658 conjecta
707 3561 924 3634 refelluntur
949 3584 993 3636 eo
1021 3566 1121 3663 ipso,

55 3676 145 3768 quod
155 3701 248 3772 ,qua
257 3676 341 3769 jure
354 3699 427 3769 qua
440 3676 583 3768 injuria,
595 3673 749 3744 laedendi
762 3673 983 3745 voluntatem
999 3690 1122 3772 aperte

56 3807 118 3879 prae
136 3811 172 3856 se
191 3785 323 3856 ferant.
348 3783 573 3854 Calumniam
600 3809 687 3854 vero
711 3799 783 3853 tam
808 3784 1067 3882 multiplicem,
1086 3801 1124 3855 et

58 3906 118 3963 tam
147 3911 308 3966 atrocem
330 3918 404 3962 non
426 3893 529 3963 avide
549 3896 758 3990 arripuisset
778 3897 865 3980 Dio,
886 3919 1025 3990 neque,
1049 3910 1122 3965 tam

59 4001 130 4074 falsa
158 4003 424 4091 describendO,
453 4006 610 4074 inustam
638 4006 829 4075 verissimis
850 4004 1123 4076 mendaciorum

60 4118 142 4185 notis
156 4117 346 4189 historiam
367 4113 570 4184 tradidisset
585 4116 775 4185 hominum
793 4118 974 4186 memoria
993 4118 1125 4212 sempi-
