2654 4822
213 310 287 419 xiix
616 353 872 422 PRAEFATIO
893 410 896 415 .

213 475 434 541 imitatorm»
446 492 523 540 esse
538 468 710 542 dicerent.
723 475 767 542 Hi
781 499 896 570 quum
912 475 1156 571 eloquentiam
1170 477 1283 548 imbe-

212 578 359 650 cillitate
372 603 436 651 sua
448 583 677 669 metirentur,
685 597 721 654 et
735 598 877 654 tantum
890 583 1280 682 laudarent,qnantum

209 716 249 772 se
271 715 377 787 posse
402 705 588 786 sperarent
614 694 768 779 imitari;
796 694 1042 790 eloquentiam
1069 697 1280 780 Ciceronis,

209 825 287 885 uon
304 799 400 877 illam
414 800 527 895 Lysiae
543 814 690 870 tenuem
704 817 741 872 et
759 802 909 891 exilem,
926 804 971 874 ad
989 805 1093 899 cujus
1112 806 1281 875 imitatio-

210 935 296 983 nem
306 934 345 981 se
359 923 456 980 totos
472 906 802 1000 conformaveram,
813 912 876 983 sed
888 913 1073 1008 grandem,
1085 913 1281 984 uberibus·

208 1046 284 1120 que
306 1022 493 1092 sententiis
511 1019 778 1109 abundantem,
806 1039 991 1120 tamquam
1017 1025 1281 1119 copiosiorem,

209 1129 535 1229 reprehenderunt,
552 1132 725 1219 Quamvis
744 1146 865 1203 autem
882 1157 997 1228 genus
1013 1133 1103 1204 illud
1120 1137 1281 1204 Atticum

86 1323 90 1329 ,
211 1246 249 1313 in
271 1239 372 1325 foro,
391 1241 579 1336 musisque
599 1237 806 1312 forensibus
826 1268 903 1313 non
922 1258 1045 1340 posset
1063 1247 1280 1330 consistere,

187 1353 189 1359 ’
209 1365 313 1422 erant
331 1349 567 1421 nihilominus
586 1351 649 1446 qui
671 1366 792 1448 partes
808 1353 886 1447 ejus
901 1367 1119 1441 tutarentur,
1140 1357 1281 1450 quique

206 1462 303 1533 hanc
321 1475 456 1533 sectam
476 1463 729 1557 rationemque
752 1461 895 1533 dicendi
916 1460 1165 1534 defenderent.
1185 1468 1281 1534 Istos

208 1570 528 1668 significat'lullius
539 1570 593 1640 his
604 1570 723 1641 verbis
733 1571 946 1668 (Tusculll,
964 1573 1082 1666 1):«Si
1097 1576 1281 1643 orationes

206 1682 340 1755 nostrie
352 1683 391 1750 in
406 1679 728 1777 reprehensionem
744 1683 996 1769 incurrerunt;
1011 1684 1040 1751 si
1052 1681 1281 1778 reperieban-

205 1810 270 1865 tur
287 1792 455 1865 nonnulli
471 1792 535 1888 qui
551 1791 643 1863 nihil
663 1791 863 1879 laudarent,
881 1795 951 1862 nisi
970 1790 1070 1887 quod
1088 1816 1127 1862 se
1147 1793 1280 1861 imitari

210 1928 318 2002 posse
341 1901 566 1973 confiderent
578 1929 589 1989 ;
601 1923 795 1998 ¹quemque
814 1901 982 1999 sperandi
1001 1901 1087 1988 sibi,
1108 1901 1280 1971 eumdem
1318 1931 1321 1934 ’

208 2032 249 2088 et
265 2014 360 2101 bene
376 2011 519 2084 dicendi
533 2011 650 2082 finem
667 2026 934 2109 proponerent;
960 2026 997 2082 et
1014 2035 1129 2107 quum
1150 2010 1282 2081 obrue-

208 2139 339 2198 rentur
354 2125 462 2220 'copia
477 2125 740 2193 sententiarum
756 2137 865 2217 atque
886 2120 1101 2207 verborum,
1114 2120 1280 2215 jejunita-

209 2251 286 2307 tem
304 2249 340 2306 et
359 2233 490 2305 famem
505 2257 557 2325 se¹
572 2231 696 2322 malle,
716 2235 825 2328 quam
846 2229 1051 2302 ubertatem
1076 2245 1112 2300 et
1136 2232 1280 2326 copiam

209 2348 392 2435 dicerent,
422 2343 520 2414 unde
552 2356 629 2412 erat
656 2357 823 2412 exortum
851 2366 967 2438 genus
991 2340 1214 2428 Atticorum,
1236 2342 1280 2410 iis

208 2461 297 2557 ipsis
314 2458 378 2554 qui
396 2453 434 2528 id
453 2456 555 2550 sequi
574 2476 612 2524 se
631 2451 908 2549 profitebantur,
921 2453 1086 2548 ignotum
1097 2478 1107 2537 ;
1120 2453 1184 2545 qui
1204 2450 1279 2544 jam

136 2656 139 2662 φ
207 2567 438 2651 conticuere,
460 2588 563 2661 paene
585 2562 631 2633 ab
656 2564 735 2659 ipso
748 2561 840 2635 ,foro
860 2564 953 2633 irrisi
966 2590 976 2636 ,ε
998 2560 1088 2657 quid
1113 2561 1279 2631 futurum

208 2692 401 2775 putamus,
415 2697 548 2770 quum,
568 2688 633 2744 etc.
644 2665 661 2737 'a
679 2675 745 2745 Hic
760 2671 843 2743 fons
860 2674 1019 2768 igitur'et
1038 2673 1141 2766 origo
1154 2684 1209 2740 est
1224 2695 1279 2741 ca·

207 2786 429 2858 lumniarum
449 2781 583 2878 quibus
600 2782 775 2852 Tulliusa
794 2785 866 2853 suis
887 2780 1086 2878 aequalibus
1108 2806 1203 2877 saepe
1226 2797 1280 2853 est

153 2907 154 2910 ’
207 2898 371 2993 agitatus.
383 2896 505 2982 Quum
519 2890 882 2988 eloquentiamque
901 2915 985 2961 vera
1001 2891 1079 2978 laus
1096 2891 1191 2962 illius
1206 2906 1277 2976 est,

207 3011 257 3077 ita
275 3003 422 3075 ductam
433 2999 480 3072 ab
494 3000 623 3071 humili
641 3000 869 3098 perduxisset
882 3001 926 3070 ad
940 3002 1124 3070 summurn
1134 3056 1143 3086 ,
1155 3003 1277 3096 utjam

176 3115 319 3186 'ceteri
342 3118 409 3210 qui
429 3109 599 3184 vivebant
615 3123 804 3196 oratores,
827 3135 871 3181 eo
897 3135 935 3182 se
959 3103 1147 3208 pervenire
1172 3135 1279 3208 posse

207 3250 290 3301 non
301 3224 572 3307 arbitrarentur,
587 3221 633 3291 ad
657 3221 936 3291 malivolentiam
955 3221 1137 3308 conversi,
1155 3219 1278 3292 obtre-

211 3337 369 3407 ctatione
388 3333 529 3403 invidiae
550 3356 635 3401 eum
660 3330 923 3416 laceraverunt,
946 3331 1047 3424 cujus
1068 3332 1277 3425 gravitatem

207 3449 245 3515 in
258 3442 430 3530 dicendo,
442 3444 527 3526 vim,
542 3443 734 3535 etcopiam
744 3464 887 3536 aequare
901 3439 1144 3537 desperarent.
1157 3445 1278 3537 Atque

208 3553 340 3625 deinde
353 3552 527 3623 homines
543 3552 658 3644 ignari
676 3547 763 3646 quid
778 3553 893 3622 oratio
912 3551 1064 3638 valeret,
1085 3566 1121 3622 et
1138 3576 1219 3647 quae
1233 3553 1279 3622 sit

208 3687 292 3734 vera
309 3663 423 3734 virtus
444 3660 675 3756 eloquentiae,
695 3663 735 3730 in
753 3663 905 3732 istorum
924 3664 1157 3748 auctoritate,
1181 3677 1217 3732 et
1238 3667 1276 3732 in

157 3832 161 3849 ,
209 3759 503 3867 hactamfrigida
517 3768 697 3841 calumnia
715 3769 948 3842 delituerunt.
969 3773 1049 3842 Istis
1057 3772 1278 3868 eloquentia

210 3906 281 3952 suae
296 3878 604 3978 vituperatoribus
621 3881 819 3978 respondet
834 3884 960 3952 Cicero
982 3883 1058 3979 ipse
1074 3907 1150 3952 non
1169 3896 1276 3978 argu·

178 3988 192 4046 ἲ
209 3989 426 4077 mentando,
457 4005 521 4061 aut
547 3988 751 4061 rationibus
781 3993 995 4087 conquisitis
1026 3992 1072 4063 de
1103 3994 1290 4077 orationis·
