2654 4822
454 367 583 434 novt
608 368 866 434 annolus.
1126 368 1186 462 xiij

138 485 244 581 stitit,
265 485 378 589 cujus
400 484 560 590 quidem
585 485 741 590 gallicas
761 502 877 563 notas
899 514 1034 564 omnes
1055 486 1096 563 in
1113 515 1187 564 no·

138 623 224 685 stras
249 608 532 686 transtulimus.

175 731 379 837 Denique,
409 758 459 807 ne
492 729 590 837 quid
623 758 804 807 mancum
836 748 876 808 et
912 730 1188 837 imperfectum

133 852 210 931 huic
235 855 349 960 operi
377 852 594 949 accederet,
612 883 735 961 quum
758 856 899 960 saepius
920 854 1037 932 nobis
1059 854 1187 933 fuerat

131 977 436 1055 animadversum
460 978 692 1056 Ciceronem
710 1006 771 1074 ea,
796 1006 884 1085 quae
907 976 957 1054 ad
983 977 1048 1085 jus
1074 978 1187 1055 civile

131 1118 290 1206 spectat,
313 1118 426 1206 parte
447 1101 647 1199 laborare,
666 1130 711 1179 ac
734 1103 799 1178 vix
820 1102 1053 1208 plerumque
1070 1101 1186 1178 iutel-

129 1221 205 1327 ligi,
228 1220 428 1330 quidquid
448 1222 772 1329 jurisconsultum
792 1224 1031 1330 requireret,
1049 1221 1099 1300 ad
1121 1222 1188 1302 do·

128 1348 337 1426 ctissimum
358 1348 488 1424 virum
507 1350 715 1427 Poncatur
737 1348 838 1453 juris
859 1348 902 1424 in
920 1345 1040 1423 Acad.
1064 1348 1185 1426 Paris.

127 1470 325 1550 doctorem
341 1499 385 1549 ac
404 1472 667 1577 professorem
684 1470 933 1550 referendum
948 1471 1187 1567 curavimus,

127 1598 255 1703 quiea,
270 1623 347 1702 qua
365 1613 436 1692 est,
456 1596 701 1672 humanitate
719 1623 764 1672 ac
779 1593 981 1690 doctrina,
997 1593 1187 1698 impedita

126 1718 300 1826 quaedam
318 1718 404 1796 loca
423 1719 587 1796 omnino
601 1718 831 1813 illustravit,
850 1719 954 1795 Gaio
969 1719 1185 1821 praesertim

127 1841 369 1948 splendidam
380 1841 503 1919 facem
513 1841 761 1946 praeferente,
775 1842 837 1947 cuj
841 1870 887 1919 us
896 1870 1025 1949 nuper
1034 1843 1187 1922 detecta

126 1994 239 2072 opera
253 1994 398 2043 novam
408 1965 546 2042 faciem
557 1993 723 2044 romano
731 1966 813 2072 juri
823 2028 832 2064 ‚
844 1966 1048 2046 Ciceronis
1058 1968 1186 2072 inpri-

126 2091 189 2167 mis
206 2107 323 2167 aetate
329 2150 341 2194 7
357 2086 610 2167 addiderunt.
627 2087 738 2167 Idem
752 2089 887 2183 etiam,
906 2090 1186 2197 nequidquam

125 2213 333 2292 obscurum
354 2213 428 2289 hac
449 2209 558 2289 dere
579 2229 815 2318 superesset,
834 2211 886 2291 ad
904 2213 1048 2291 calcem
1067 2212 1186 2319 hujus

125 2336 329 2414 voluminis
357 2333 407 2413 de
433 2335 598 2441 privatis
625 2364 670 2412 ac
697 2335 888 2441 publicis,
919 2353 1046 2413 stante
1067 2363 1185 2441 repu-

125 2457 240 2557 blica,
261 2457 424 2566 judiciis
456 2458 715 2564 appendicem
743 2456 921 2554 addidit,
948 2486 1026 2564 qua
1054 2456 1183 2536 edocti

124 2583 174 2659 vel
199 2582 332 2688 legum
353 2609 606 2661 romanarum
630 2580 794 2658 omnino
815 2578 933 2658 rudes
959 2581 1109 2686 optime
1136 2581 1186 2659 de

125 2701 270 2810 legibus
293 2722 473 2809 agentem
487 2703 662 2780 Tullium
679 2703 834 2809 possint
850 2702 1078 2809 intelligere.

169 2831 254 2906 Hac
273 2827 409 2907 eadem
435 2829 620 2906 instructi
646 2829 818 2924 ratione,
842 2856 930 2935 quae
959 2827 1186 2906 difficiliora

127 2951 169 3029 ad
196 2964 375 3029 veterum
409 2978 539 3028 mores
575 2967 818 3056 spectarent,
854 2952 896 3026 in
929 2977 1096 3027 excursu
1134 2948 1184 3028 ad

127 3074 349 3152 nonnullius
367 3073 560 3152 orationis
579 3072 697 3150 linem
714 3073 988 3170 submisimus;
1010 3073 1065 3151 sic
1086 3100 1186 3178 quae·

128 3195 210 3274 dam
224 3197 276 3276 de
294 3195 511 3303 provinciis
525 3223 574 3272 ex
588 3196 784 3311 Ferratio,
799 3194 849 3273 de
862 3194 1118 3300 vectigalibus
1136 3223 1184 3273 ex

128 3321 361 3401 Dustunoms
390 3319 698 3432 desumpsimus,
725 3337 764 3396 et
788 3347 911 3425 quum
939 3320 982 3395 in
1003 3320 1184 3397 Verrinis

128 3443 369 3523 orationibus
389 3443 571 3549 praetoris
592 3441 737 3519 urbani
759 3469 803 3519 ac
823 3441 1077 3549 provincialis
1101 3470 1184 3545 non

128 3593 208 3644 rara
225 3567 376 3644 mentio
393 3583 596 3660 occurrat,
617 3581 657 3641 et
675 3564 717 3640 in
737 3590 874 3641 eorum
886 3562 1185 3669 jurisdictione,

129 3687 305 3796 imperio,
328 3688 558 3766 muneribus
581 3688 765 3794 frequens
783 3686 842 3763 'sit
863 3686 1024 3784 Cicer0,
1056 3714 1186 3792 operae

131 3815 293 3915 pretium
317 3813 402 3890 fore
424 3811 665 3889 credidimus
691 3810 723 3887 si
747 3807 796 3887 de
821 3810 897 3905 eis,
921 3808 1119 3916 quidquid
1139 3838 1184 3886 ex

132 3937 318 4014 veteribus
338 3965 382 4012 ac
398 3932 688 4040 jurisconsultis
710 3931 919 4038 collegerat
930 3935 1184 4028 Drstnnmru,

78 4152 81 4157 Ι
135 4084 207 4158 nos,
223 4060 362 4140 eodem
379 4063 427 4137 D.
443 4062 646 4137 Poucanur
665 4075 908 4154 recensente,
928 4056 1141 4134 ederemus.
