2654 4822
211 367 270 435 xiv
617 370 868 439 PRAEFATIO

142 576 145 581 ,
264 487 302 564 ls
319 486 441 591 igitur
459 486 607 565 laboris
626 490 753 569 nostri
769 489 846 569 fuit
863 505 997 580 tenor,
1016 501 1060 563 ut
1080 480 1132 559 ad
1152 479 1278 558 confi-

210 607 510 717 ciendumqnod
518 609 569 688 ad
578 627 729 689 textum
736 607 1279 717 pertinetegregiauteremur

209 731 288 808 Jos.
299 731 402 812 Viet.
413 732 471 811 Lu
487 733 616 811 Canac
632 732 826 830 editione,
837 761 918 810 uno
931 747 1084 809 tantum
1098 745 1138 805 et
1153 726 1278 805 altero

211 872 377 958 excepto
405 854 512 950 loce,
540 883 655 962 quem
690 854 923 934 mutandum
950 880 1045 960 pace
1077 850 1177 929 tanti
1200 850 1278 926 viri

210 976 449 1072 censuimus;
472 976 582 1083 quod
613 975 663 1055 ad
695 995 828 1073 notas,
860 977 1011 1082 oppima
1040 999 1205 1081 quaeque
1238 990 1278 1050 et

211 1099 380 1176 maxime
410 1117 611 1177 auctorem
639 1100 873 1181 illustrantia
905 1126 953 1177 ex
983 1090 1278 1176 commentariis

209 1238 294 1298 tum
307 1223 592 1320 vetustissimis,
603 1240 686 1301 tum
700 1221 999 1320 recentioribus,
1016 1220 1276 1325 seligeremus.

209 1342 449 1424 Addidimus
467 1364 657 1452 praeterea
675 1346 804 1424 varias
825 1374 846 1424 e
866 1344 963 1423 MSS
982 1343 1170 1421 lectiones
1194 1357 1277 1418 tum

209 1469 259 1547 ab
279 1471 419 1550 eodem
437 1473 515 1551 Jos.
527 1473 630 1550 Vict.
651 1474 707 1551 Lu
720 1472 851 1551 Casae
863 1471 1021 1566 electas,
1034 1487 1119 1547 tum
1132 1495 1180 1544 ex
1196 1467 1278 1545 Ga·

211 1596 393 1691 ratonio,
419 1594 609 1673 Schiitzio
638 1613 678 1674 et
705 1595 844 1673 ceteris
872 1592 1121 1700 desumptaS,
1154 1606 1278 1696 prout

210 1716 305 1793 satis
324 1717 456 1821 magni
473 1720 664 1795 momenti
679 1715 929 1797 videbantur.
941 1712 1115 1820 Singulis
1129 1714 1277 1793 oratio-

209 1837 328 1915 nibus
353 1839 553 1945 praemissa
574 1858 634 1918 est
658 1841 835 1919 narratio
856 1867 987 1919 earum
1013 1865 1163 1934 rerum,
1188 1866 1277 1944 quae

210 1989 232 2037 a
257 1961 478 2066 legentibus
504 1981 788 2069 praeoccupatae
809 1962 859 2042 ad
881 1959 1178 2066 intelligendum
1206 1989 1276 2064 au3

210 2101 361 2162 ctorem
377 2085 544 2164 maxime
554 2087 738 2165 valerent.
754 2088 853 2187 Quae
869 2084 1031 2192 quidem
1045 2102 1276 2189 argumenta

211 2224 296 2288 tum
316 2236 365 2287 ex
387 2208 454 2304 iis,
479 2209 549 2315 qni
577 2209 618 2285 in
646 2207 783 2287 cadem
807 2208 950 2285 versati
976 2225 1068 2285 sunt
1093 2207 1276 2303 materie,

211 2331 507 2436 exscripsimus3
531 2349 619 2409 tum
644 2359 746 2437 saepe
770 2331 863 2438 quia
886 2331 1015 2411 minus
1038 2348 1217 2408 accurate
1236 2348 1276 2410 et

211 2452 387 2548 brevius,
410 2472 477 2531 aut
498 2452 705 2532 obscurius
734 2453 882 2559 scripta
908 2451 1166 2547 videbantur,
1197 2448 1275 2559 ipsi

211 2574 439 2680 diligentius
461 2576 691 2682 refingenda
715 2577 977 2683 suscepimus;
1000 2603 1130 2682 operae
1154 2577 1273 2654 etiam

212 2699 383 2804 pretium
404 2698 490 2777 fore
504 2703 599 2798 rati,
616 2703 649 2779 si
671 2704 773 2781 hane
793 2702 989 2781 factorum
1005 2701 1273 2784 narrationem

212 2850 257 2900 ea
278 2839 545 2930 sequerentur,
561 2850 649 2928 quae
670 2841 709 2901 et
730 2853 811 2931 quo
833 2843 1028 2929 tempore,
1043 2821 1189 2929 quibus
1207 2853 1275 2903 au-

213 2946 428 3043 dientibus
442 2962 510 3022 aut
527 2942 800 3050 judicantibus
820 2945 957 3023 habita
975 2945 1026 3023 sit
1046 2948 1194 3044 oratio,
1213 2975 1275 3025 cx-

209 3071 413 3177 plicarent.
439 3067 726 3176 Subjunximus
744 3070 862 3149 etiam
882 3069 1121 3149 rhetoricam
1143 3071 1273 3177 analy-

92 3223 94 3228 ’
210 3196 272 3274 sin
302 3196 381 3272 sive
412 3194 621 3301 synopsin,
651 3223 750 3302 qua,
776 3195 887 3303 quasi
913 3223 1032 3273 manu
1060 3194 1272 3291 deductus,

209 3319 334 3396 lector
347 3335 547 3395 auctorem
561 3319 666 3397 intra
677 3319 893 3424 penetralia
907 3338 1126 3408 versantem
1138 3318 1274 3426 depre-

208 3440 367 3545 hendit,
387 3458 514 3518 totum
526 3440 603 3518 hoc
615 3442 833 3521 oratorium
846 3433 1030 3547 intelligit
1042 3443 1272 3540 artificium,

103 3632 106 3637 .
208 3584 248 3644 et
272 3592 497 3663 causarum,
527 3593 625 3674 quas
646 3565 799 3645 Tullius
828 3569 1049 3674 peroravit,
1079 3569 1271 3675 explicata

208 3691 325 3785 serie,
352 3706 581 3794 argumenta
607 3719 651 3768 ac
677 3690 796 3769 veluti
824 3690 1022 3778 cardines,
1043 3691 1190 3799 quibus
1210 3721 1272 3771 res

208 3830 293 3893 tota
305 3812 485 3907 vertitur,
504 3841 585 3890 uno
605 3815 647 3890 in
667 3832 880 3921 conspeetu
901 3816 1053 3921 positos
1074 3814 1202 3911 videt,
1226 3844 1270 3892 ac

208 3936 379 4015 nudatos
388 3936 588 4043 perspicit.
603 3937 804 4036 Ceterum,
822 3956 866 4016 ut
879 3939 979 4019 nihil
994 3939 1159 4017 scientes
1175 3968 1270 4045 praa-

208 4061 456 4157 termisimus,
472 4059 582 4168 quod
598 4080 666 4140 aut
679 4061 849 4168 aliquam
862 4061 994 4156 Tullio
1005 4062 1131 4157 lucem
1147 4061 1270 4151 affun-
