2654 4822
240 369 323 436 xxiv
477 330 480 344 '
634 366 907 432 arenario

238 508 474 583 comparasse.
489 483 656 578 (Quintil.
671 483 735 554 ubi
752 484 848 580 sup.)
861 488 902 553 lu
917 507 957 554 ea
971 509 1052 580 quae
1072 483 1142 556 fuit
1155 486 1208 557 illi
1223 514 1308 560 curn

184 633 187 644 2
238 597 379 667 Caecilio
402 594 447 665 de
472 609 679 664 accusatore
705 598 743 663 in
764 598 914 664 Verrem
939 595 1195 668 constituendo
1216 624 1309 669 cou-

238 708 372 788 tenti0,
398 707 562 801 quamvis
590 705 747 774 multum
770 720 863 775 esset
892 705 930 773 in
956 704 1026 775 hoc
1048 711 1244 794 momenti,
1267 727 1310 779 ut

235 817 443 888 ostenderet
453 841 491 885 se
501 829 745 886 accusatorem
758 840 834 885 esse
845 814 1001 885 maxime
1010 815 1196 902 idoneum,
1204 821 1310 915 quod

235 931 312 998 sine
331 927 548 1023 eloquentiae
566 949 637 996 suae
659 924 765 995 lande
782 950 857 995 non
874 928 1075 1022 potuisset;
1091 926 1236 998 dicendi
1253 946 1308 1001 ta'-

234 1062 318 1107 men
330 1034 535 1106 facultatem
546 1034 687 1104 Caecilio
699 1037 814 1129 magis
826 1033 1116 1131 detraxit,quam
1127 1044 1310 1136 arrogavit

235 1145 319 1231 sibi,
338 1169 450 1240 seque
465 1167 540 1212 non
556 1158 826 1238 consequutum
839 1142 945 1230 dixit,
963 1145 1026 1215 sed
1041 1149 1163 1217 omnia
1179 1147 1309 1222 fecisse

234 1271 276 1326 ut
293 1270 416 1353 posset
432 1277 511 1323 cam
529 1257 703 1349 consequi
715 1253 891 1349 (Divinat.
910 1253 1000 1349 ra):
1022 1280 1060 1326 se
1079 1255 1171 1326 nihil
1186 1257 1309 1332 dicere

233 1367 278 1436 de
298 1391 365 1436 suo
384 1367 531 1459 ingenio
554 1363 663 1462 qibid.
681 1371 763 1458 11),
789 1365 971 1460 quianon
993 1381 1047 1436 est
1073 1366 1174 1462 qnod
1192 1374 1310 1465 possit

233 1477 371 1565 dicere3
388 1500 530 1572 neque,
553 1477 582 1544 si
601 1489 715 1558 esset,
736 1473 883 1570 diceret.
902 1478 944 1543 In
965 1474 1116 1574 dialogis
1132 1503 1221 1549 vero
1245 1483 1308 1578 (in

233 1595 362 1673 Brut0,
382 1589 532 1686 passim)
551 1584 616 1655 ubi
635 1584 719 1654 data
737 1587 926 1655 occasione
947 1582 1073 1682 [datur
1089 1602 1210 1658 autem
1230 1615 1305 1661 non

233 1697 368 1795 semel]
395 1697 440 1767 de
465 1720 503 1768 se
521 1697 697 1793 loquitur,
718 1694 884 1765 nonsibi
905 1694 1061 1767 defuisse
1091 1698 1306 1772 industriam

233 1806 406 1894 ostendit,
420 1821 462 1876 ut
479 1805 526 1876 ad
544 1807 789 1902 eloquentiam
808 1806 1028 1903 perveniret,
1049 1806 1112 1878 sed
1129 1824 1252 1881 tamen
1268 1812 1305 1882 id

232 1943 270 1988 se
292 1920 433 2013 assequi
462 1942 538 1986 non
564 1918 726 2012 potuisse
746 1915 847 2011 quod
870 1915 1051 2013 cupiebat.
1084 1922 1177 1991 Nam
1203 1923 1305 2017 quod

231 2028 411 2123 objiciunt
429 2025 620 2097 adversarii
640 2025 762 2095 locum
774 2025 877 2095 illurn
891 2026 1059 2124 (Philipp.
1074 2032 1121 2115 II,
1141 2027 1173 2124 1)
1187 2028 1253 2100 ubi
1267 2057 1304 2102 se

230 2164 315 2210 cum
324 2141 484 2210 Antonio
503 2150 709 2232 comparat,
726 2149 762 2205 et
779 2134 924 2206 dicendi
941 2134 1147 2209 facultatem
1163 2142 1303 2240 simpli·

231 2250 319 2319 citer
338 2245 406 2318 sibi
424 2260 583 2342 arrogat,
603 2248 643 2314 in
664 2269 708 2314 eo
728 2247 836 2314 etiam
853 2246 1198 2343 reprehendendum
1218 2276 1304 2322 eum

231 2385 307 2430 esse
330 2371 542 2454 nouputo:
566 2379 643 2425 non
668 2356 766 2426 enim
784 2355 874 2426 illud
896 2355 1065 2428 indecora
1084 2359 1304 2456 eloquentiae

205 2536 209 2568 Ι,
227 2472 391 2565 jactatio,
413 2466 474 2538 sed
494 2464 627 2536 fiducia
647 2480 702 2535 est
720 2470 855 2536 oratori
874 2491 1155 2565 nonnumquam
1170 2495 1302 2561 conce7

131 2616 134 2625 ¹
230 2577 358 2649 denda.
377 2578 549 2673 (Quintil.
566 2575 630 2646 ubi
645 2576 783 2674 supra.)
1103 2574 1106 2579 ’

277 2693 406 2759 Dices:
422 2690 478 2756 sin
493 2691 613 2757 minus
627 2689 782 2782 ingenii,
793 2701 829 2757 et
839 2686 1057 2783 eloquentiae
1069 2713 1141 2757 suae
1151 2692 1303 2780 Tullius,

228 2814 264 2868 at
278 2820 399 2868 rerum
415 2821 435 2865 a
451 2821 488 2865 se
498 2811 680 2892 gestarum
695 2811 897 2867 ostentator
912 2795 1141 2892 magnificus,
1159 2801 1204 2872 de
1217 2829 1303 2875 cou-

228 2907 347 2981 sulatu
362 2930 428 2976 suo
446 2920 482 2975 et
497 2905 839 2975 exstinctaCatilinae
859 2907 1111 3000 conjuratione
1125 2912 1303 3012 intempe-

229 3022 367 3090 rantius
392 3041 478 3087 sane
504 3013 690 3112 praedicat,
715 3039 825 3110 quam
853 3039 998 3099 necesse
1028 3031 1082 3086 cst
1104 3018 1239 3115 pudori
1267 3038 1302 3094 et

229 3129 422 3199 modestiae.
444 3128 526 3197 Non
546 3124 734 3196 dissimulo
755 3151 795 3196 ea
814 3128 1006 3224 saepissime
1023 3133 1202 3220 revocari,
1220 3156 1300 3230 quae

226 3238 272 3309 ad
286 3260 477 3334 oppressos
492 3236 653 3306 Catilinae
667 3234 808 3305 furores
822 3239 1021 3332 pertinent,
1037 3252 1073 3307 et
1088 3241 1299 3314 Ciceronem

226 3352 263 3418 in
279 3346 461 3417 laudando
476 3370 542 3414 suo
559 3346 751 3415 consulatu
761 3348 926 3431 nimium,
938 3346 1043 3435 adde,
1052 3351 1079 3418 si
1091 3354 1156 3437 vie,
1165 3353 1298 3423 intem-

227 3472 415 3557 perantem
426 3479 532 3553 posse
542 3453 834 3525 etiamvideri.1lt
843 3454 888 3526 de
899 3460 1013 3554 patria
1022 3462 1136 3556 magis
1149 3466 1299 3533 meritus

226 3583 319 3653 erat,
336 3591 447 3663 quam
462 3566 527 3661 qui
542 3589 716 3661 umquam
734 3569 899 3637 maxime.
918 3568 1058 3639 Urbem
1075 3597 1119 3641 ex
1138 3573 1299 3644 Catilinae

214 3678 391 3770 saucibus
405 3679 605 3772 eripuerat3
623 3675 701 3769 ejus
720 3679 821 3773 ignes
838 3702 858 3747 a
877 3681 980 3748 tectis
997 3678 1213 3769 domorum,
1229 3684 1299 3779 gla-

225 3788 304 3859 dios
324 3813 344 3856 a
362 3782 562 3856 cervicibus
581 3789 712 3854 civium
735 3790 959 3883 optimorum
982 3789 1196 3886 depulerat:
1222 3808 1299 3864 tan-

223 3913 301 3967 tum
320 3891 557 3979 beneficium,
578 3908 613 3963 et
627 3920 703 3990 quo
722 3897 839 3991 majus
858 3897 996 3970 civibus
1013 3903 1124 3971 acive
1138 3900 1299 3974 conferri

224 4007 366 4076 nullum
388 4018 521 4100 potest,
544 4001 605 4072 dat
628 4029 712 4074 sane
733 4005 979 4101 praedicationi
999 4009 1131 4102 justam
1152 4027 1188 4080 et
1209 4012 1297 4109 legi·

174 4162 177 4168 ’
224 4121 348 4186 timum
375 4116 666 4200 excusationem,
702 4137 818 4212 prope
849 4132 888 4187 ut
919 4118 1152 4190 concedenda
1184 4124 1230 4192 sit
1263 4138 1298 4193 et
