2654 4822
218 369 325 437 xxxiv
618 369 900 441 PRAEFATIO
964 428 967 434 .

217 490 354 559 lumina
376 501 411 557 et
429 484 570 559 flosculi
583 490 854 561 sententiarum
876 489 953 563 siue
973 488 1083 561 modo
1105 489 1234 564 structi
1251 489 1289 562 in

215 596 385 669 clausulis
404 595 578 668 clamores
593 612 631 669 et
650 597 925 682 admirationes,
945 596 1045 667 veltet
1061 597 1151 670 olim
1169 599 1206 671 in
1224 596 1291 673 bo·

216 707 273 777 nis
301 703 506 777 oratoribus
538 730 644 779 verns
671 709 844 779 orationis
870 722 1042 792 ornatus,
1076 705 1289 783 effecerunt.

215 823 370 897 Tantum
402 817 610 913 eloquentia
644 816 793 891 descivit
817 843 840 895 a
860 832 980 893 vetere
1005 815 1146 915 gloria!
1180 819 1289 887 Primi

219 927 386 997 omnium
401 951 480 998 eam
497 926 736 1024 perdiderunt
747 918 1018 1012 declamatores,
1026 951 1160 1001 novum
1173 948 1289 1021 genus

216 1049 424 1121 oratorum,
458 1037 522 1132 qui
553 1037 736 1109 Ciceronis
756 1051 869 1109 >atate
900 1061 1015 1133 quum
1053 1037 1290 1120 exstitissent,

213 1143 354 1218 levibus
375 1160 486 1241 atque
511 1146 681 1217 inanibus
703 1148 802 1221 sonis
824 1147 981 1223 ludibria
1003 1147 1169 1244 quaedam
1193 1149 1287 1224 encji·

213 1253 344 1341 tando,
368 1252 544 1330 fecerunt.
560 1271 601 1327 ut
630 1280 773 1353 eorpus
786 1258 959 1333 orationis
986 1270 1235 1353 enervaretur·
1250 1270 1286 1331 et

213 1363 368 1437 caderet.
388 1369 456 1439 Per
469 1389 532 1437 eos
552 1391 572 1437 a
591 1367 746 1439 naturali
764 1366 1037 1464 pulchritudine
1053 1366 1218 1442 traducta
1235 1379 1289 1439 est

213 1479 304 1547 ratio
323 1475 466 1552 dio'endi
484 1475 536 1547 adx
553 1478 756 1573 conquisita
774 1493 1010 1573 ornamenta3
1030 1479 1074 1549 ad
1097 1491 1287 1553 ventosam

214 1599 251 1657 et
265 1608 453 1664 enormem
466 1586 724 1682 loquacitatem
733 1613 743 1669 ς
758 1587 803 1658 ad
820 1613 945 1665 rerum
961 1603 1143 1667 tumorem
1158 1602 1196 1657 et
1210 1611 1290 1657 sen-

213 1697 411 1773 tentiarum
429 1699 665 1767 vanissimum
681 1698 883 1794 strepitum.
900 1699 1058 1778 Lumina
1072 1695 1290 1782 verborum,

213 1808 383 1905 argutiae,
402 1805 596 1891 antitheta,
617 1806 768 1903 turgidae
786 1805 929 1902 figurae,
951 1808 989 1876 in
1012 1804 1179 1877 clausulis
1202 1830 1286 1875 serr-

214 1908 394 2002 tentiolae,
414 1941 480 2012 per
495 1940 557 1987 eos
574 1914 817 2012 frequentari,
832 1941 896 1993 seu
912 1916 1033 2013 potius
1055 1917 1133 1991 sine
1149 1915 1289 2007 judicio

215 2026 433 2097 accumulari
450 2039 651 2122 coeperunt.
674 2031 717 2095 At
735 2025 798 2103 ubi
811 2029 851 2101 L.
873 2029 1009 2105 Seneca
1026 2025 1138 2120 coepit
1149 2026 1188 2093 iu
1205 2022 1288 2095 foro

216 2138 403 2233 causisque
430 2137 582 2221 versari,
613 2136 828 2232 eloquentia⁴
845 2135 993 2213 demum
1022 2136 1139 2233 periit.
1163 2135 1291 2205 Multae

215 2252 358 2320 Senecae
373 2245 547 2342 (Quintil.
564 2252 616 2331 X,
655 2245 694 2338 ι)
720 2259 756 2315 et
785 2269 923 2342 magnae
942 2249 1092 2323 virtutes
1114 2240 1290 2317 fuerunt:

216 2359 406 2454 ingenium
424 2354 528 2429 facile
542 2370 579 2426 et
596 2356 805 2452 copiosum3
824 2355 1019 2451 plurimum
1036 2352 1167 2438 studii;
1194 2351 1290 2429 mul·

212 2483 335 2543 ¹tarum
362 2491 482 2544 rerum
515 2465 686 2562 cognitio
718 2467 809 2538 Nam
845 2479 883 2535 et
908 2465 1090 2540 orationes
1120 2461 1221 2555 ejus,
1255 2476 1292 2532 et

219 2592 402 2675 poemma,
432 2591 469 2653 et
487 2574 667 2672 epistolae,
693 2589 729 2645 et
755 2574 889 2670 dialogi
919 2573 1096 2655 seruntur.
1116 2575 1291 2666 Egregius

219 2687 391 2764 vitiorum
410 2687 606 2756 insectator
625 2683 716 2755 luit:
736 2685 857 2763 multae
879 2689 918 2753 in
944 2707 988 2754 eo
1010 2680 1187 2777 clareque
1206 2705 1290 2751 sen-

218 2799 348 2870 tentiae.
383 2793 456 2867 Sed
490 2792 554 2863 has
584 2808 701 2865 tantas
735 2795 802 2875 viri
829 2794 980 2874 virtutes
1012 2792 1173 2889 ingentia
1204 2794 1290 2861 vitia

215 2905 417 3002 aequabant.
438 2904 546 2980 Nulla
564 2907 696 2984 eratin
721 2928 772 2982 eo.
787 2905 841 2975 vis
864 2902 1042 2987 oratoria;
1066 2901 1210 2973 nullum
1228 2901 1288 2995 ju·

219 3015 374 3102 dicium,
399 3018 437 3083 in
465 3014 544 3108 ejus
567 3028 688 3096 mente
712 3013 813 3083 nulla
833 3011 1012 3093 insidebat
1035 3013 1172 3109 speeies
1196 3036 1290 3083 rerae

216 3150 466 3223 germanaeque
480 3124 707 3221 eloquentiae.
720 3126 845 3199 Genus
863 3121 1007 3206 dicendi
1024 3120 1188 3206 fractum,
1204 3145 1288 3192 con-

218 3238 343 3316 cisum,
363 3236 550 3320 mutilum,
570 3235 697 3306 hians:
716 3235 816 3314 nulla
833 3233 1029 3315 verborum
1050 3233 1196 3316 electio,
1213 3232 1289 3303 cot,

218 3347 368 3433 locatim
383 3347 481 3425 nulla
491 3345 770 3442 comprehensio
782 3369 977 3424 numerose
989 3360 1026 3417 et
1037 3359 1118 3441 apte
1134 3342 1287 3415 cadens:

218 3482 359 3556 aspera,
369 3459 496 3544 tristis„
512 3454 660 3531 horrida
675 3455 792 3534 oratio
802 3509 812 3541 ,
823 3516 826 3523 .
836 3481 957 3551 neque
974 3453 1149 3552 perfecta,
1169 3477 1288 3548 neque

219 3568 400 3639 conclusa:
414 3567 720 3641 «Commissiones
730 3584 846 3650 mera,
857 3566 1020 3643 calxsine
1031 3586 1139 3635 arena
1149 3593 1177 3631 a.
1190 3568 1287 3640 Suet,

220 3682 256 3749 in
268 3679 341 3750 Cal.
357 3702 387 3748 c.
406 3677 464 3751 53.
478 3683 533 3749 De
546 3680 628 3749 Sen'.
641 3675 866 3757 vid.,A..Gell.
879 3681 967 3762 Xll,
983 3703 1012 3745 2.
1024 3674 1135 3761 Talis,
1150 3699 1216 3753 seu
1226 3697 1291 3771 po·

218 3793 299 3876 tius,
311 3791 361 3859 sic
376 3789 475 3859 nulla
488 3787 556 3858 fuit
574 3812 724 3857 romana
734 3788 1075 3884 eloquentia,quum
1096 3785 1134 3852 iu
1146 3787 1291 3854 Cicero·

218 3905 274 3970 nis
286 3902 418 3997 scripta
431 3923 618 3971 censuram
631 3903 726 3999 Aper
738 3901 901 3979 exercuit
914 3925 921 3965 :
938 3895 1127 3966 amabatur
1138 3899 1290 3978 Seneca;

218 4009 315 4085 solus
340 4008 416 4082 fere
442 4025 517 4081 erat
534 4009 818 4081 adolescentium
843 4012 880 4077 in
906 4004 1094 4091 manibus3
1124 4003 1291 4100 placebat

219 4136 368 4216 propter
385 4120 461 4191 sola
478 4122 582 4207 vitia,
604 4119 739 4216 quibus
757 4141 801 4191 eo
819 4121 932 4214 magis
949 4117 1159 4214 perniciosis
1175 4114 1292 4187 abuit·
