2654 4822
270 334 497 405 mooun
527 337 875 409 vestiamus.
1055 312 1113 400 nx

52 457 198 539 multum
218 461 413 554 temporis,
431 457 594 539 discendi
613 483 737 546 causa,
755 458 813 529 vel
836 482 856 527 a
874 458 1029 554 pueritia
1051 457 1112 541 tri,-

53 567 180 638 buorat.
194 570 387 664 Quotquot
401 572 524 651 Rornoe
543 584 605 649 aut
623 573 729 655 cives,
742 581 804 647 aut
818 567 932 638 Graeci
947 563 1113 647 fuerunt,

53 676 333 775 histemporihus
346 679 413 749 viri
422 676 628 755 eruditione
640 693 749 774 atque
766 676 931 747 doctrina
940 675 1113 770 praeclari,

52 788 139 886 eisin
156 785 386 885 disciplinam
399 813 437 869 se
452 786 647 859 tradiderat
656 816 664 858 ε
673 789 734 884 jus
744 786 863 873 civile,
873 784 1113 883 philosophiae

55 911 163 992 partes
181 921 328 981 omnen,
349 911 429 979 tum
447 923 528 994 quae
546 897 591 969 ad
614 897 856 983 dialecticam,
874 911 951 966 tum
970 919 1050 990 quae
1069 890 1114 977 ad

57 1031 165 1079 mores
179 1021 217 1081 et
231 1019 396 1079 naturam
410 1009 614 1103 pertinent,
636 992 912 1094 astronomiam,
927 1006 1115 1102 poeticen,

56 1115 387 1202 historiam‚omnia
404 1116 581 1212 denique,
598 1142 679 1213 quae
696 1142 773 1187 uno
791 1117 949 1187 scientiae
963 1114 1113 1184 nomine

56 1230 289 1313 continentur,
308 1227 426 1296 tenuit
448 1228 641 1322 inprimis.
663 1224 848 1297 Insidebat
866 1227 965 1296 enim
979 1226 1016 1292 in
1036 1221 1115 1316 ejus

55 1350 161 1407 mente
183 1339 324 1433 species
346 1335 581 1432 eloquentiae,
607 1361 719 1432 quam
739 1342 853 1407 Roma
872 1333 1036 1417 nondum
1057 1333 1112 1401 vi-

55 1443 155 1533 derat,
174 1445 221 1519 ad
240 1470 351 1542 quam
372 1444 514 1516 volebat
532 1447 736 1529 orationem
758 1470 860 1517 suam
879 1445 1011 1542 dirigi:
1034 1442 1111 1514 elo-

55 1569 214 1650 quentem
229 1579 307 1633 esse
322 1555 505 1631 neminem
517 1578 623 1652 posse
634 1554 804 1653 putabat,
822 1558 890 1627 nisi
908 1556 973 1652 qui
989 1554 1110 1624 multi-

56 1663 123 1759 plici
131 1665 300 1736 doctrina
309 1679 420 1760 atque
429 1667 595 1747 omnium
606 1656 827 1764 optimarum
837 1668 969 1749 artium
982 1666 1111 1737 studiis

57 1791 131 1846 esset
147 1773 328 1846 eruditus.
344 1775 512 1871 Plerique
532 1776 577 1855 ad
600 1802 724 1856 causas
742 1794 820 1850 tum
841 1781 1014 1876 privatas,
1027 1790 1112 1861 ‘tum

58 1885 205 1978 publicas
218 1883 380 1972 adibant,
390 1901 432 1963 ut
443 1891 481 1956 in
493 1884 575 1958 foro
587 1886 778 1975 discerent
791 1891 868 1986 ipae
879 1912 1111 1985 verocquan·

57 2007 117 2065 tum
130 1996 273 2094 potuit,
286 1993 405 2065 effecit
416 2011 457 2065 ut
470 1995 599 2066 doctus
611 1999 650 2066 in
659 1996 780 2068 forum
790 1999 965 2077 veniret».
984 2000 1059 2067 Cic.
1071 1997 1110 2065 in

56 2107 136 2184 Brut.
144 2131 206 2201 90·
218 2110 346 2202 Itaque
360 2108 547 2202 ingenium
563 2109 640 2201 ejus
654 2110 761 2179 simul
775 2125 962 2206 aspectum
976 2123 1013 2181 et
1024 2131 1111 2205 pro·

56 2211 164 2287 hatum
180 2230 262 2291 est:
284 2230 394 2312 atque
412 2216 473 2287 illa
492 2217 570 2312 ejus
589 2217 799 2314 eloquentia
819 2233 961 2289 tantum
983 2215 1112 2301 habuit

10 2344 12 2385 i
51 2323 384 2412 mmmendationis,
400 2340 436 2407 et
452 2326 548 2422 apud
560 2351 622 2397 eos
633 2352 679 2398 ex
694 2329 784 2414 suis,
797 2353 891 2424 quos
901 2332 1016 2410 Roma
1030 2324 1113 2395 tulit

10 2434 13 2515 l
57 2458 129 2515 stne
149 2439 287 2507 mentis
316 2435 499 2518 homines„
528 2451 565 2508 et
588 2437 687 2535 apud
708 2452 889 2534 posteros,
916 2451 959 2521 ut
984 2437 1111 2508 Cicero

10 2586 12 2595 ·
55 2543 111 2635 jam
135 2574 214 2619 uon
237 2546 411 2633 hominis,
435 2548 497 2621 sed
527 2548 744 2644 eloquentiae
765 2573 900 2623 nomen
922 2546 1110 2625 habeatur.

10 2712 12 2763 Ι
55 2657 192 2746 Quintil.
209 2663 260 2744 Χ,
279 2682 308 2726 1.

10 2782 14 2851 l
89 2772 225 2847 Verum
250 2781 411 2863 quantus
429 2767 490 2845 ille
505 2766 590 2853 luit,
620 2768 732 2847 homo
751 2765 819 2838 fuit
838 2794 845 2835 :
865 2791 966 2841 more
986 2781 1108 2837 autem

10 2878 13 2985 j
58 2877 136 2971 apud
154 2877 326 2949 homines
345 2877 395 2955 ita
408 2891 658 2975 comparatum
680 2892 750 2965 est,
772 2891 814 2960 ut
828 2877 961 2971 justam
979 2873 1112 2955 habeat

10 3008 13 3035 ·
56 2991 311 3066 venerationem
324 2986 505 3084 quidquid
518 2988 675 3074 excellit,
684 3003 794 3083 atque
808 2986 1109 3071 obtrectationem

10 3110 13 3173 l
56 3099 144 3176 etiam
163 3122 284 3196 prope
299 3099 548 3176 necessariam.
568 3097 632 3171 Illa
649 3098 792 3179 virtutis
807 3097 931 3171 alienae
946 3096 1058 3180 tristis
1074 3111 1111 3167 et

55 3203 194 3277 obscura
210 3206 330 3278 rivalis
353 3206 510 3292 Invidit,
530 3231 611 3303 quae
632 3205 817 3281 bonorum
839 3231 987 3304 expers,
1008 3205 1109 3302 quod

55 3318 179 3412 assequi
199 3340 306 3413 posse
327 3315 515 3413 desperat,
538 3315 662 3398 odiose
682 3315 874 3412 deprimit,
896 3319 1108 3399 Ciceronem

54 3418 233 3503 foedissime
250 3424 426 3505 laceravit.
441 3426 546 3497 Tullii
563 3452 703 3510 mores,
721 3430 749 3505 si
763 3426 879 3499 credis
896 3428 974 3521 ejus
987 3427 1108 3524 gloriae

10 3614 13 3629 ι
55 3533 206 3624 inimicis,
226 3562 302 3607 non
321 3534 470 3623 luerunt
490 3551 543 3607 sot
556 3534 648 3607 boni
663 3564 672 3606 ε
688 3535 758 3617 fuit
775 3541 832 3619 sui
848 3537 1053 3631 jactantior,
1072 3550 1109 3619 et

10 3660 13 3709 ἐ
55 3642 132 3720 ultra
144 3670 255 3742 quam
271 3644 517 3727 verecundum
532 3645 719 3727 hominem
732 3646 857 3717 decet:
877 3644 1024 3717 adscivit
1038 3645 1106 3727 sibi

55 3774 151 3845 genus
175 3755 322 3835 dicendi
342 3757 557 3841 Asiaticum,
578 3756 806 3845 redundans,
832 3772 868 3830 et
887 3757 968 3854 plus
993 3759 1107 3828 nimio

56 3859 215 3937 diffluens.

93 3976 192 4064 Quod
218 3979 252 4048 ei
272 3976 320 4047 de
340 3973 502 4077 moribus
521 3975 709 4070 objicitur,
732 4001 904 4073 magnum
928 4000 1013 4046 sane
1035 3981 1105 4047 cri-

57 4103 124 4164 men
149 4104 219 4175 est;
243 4113 320 4185 quo
345 4111 437 4172 uno,
466 4112 578 4182 quum
599 4112 707 4169 nemo
731 4088 843 4186 possit
867 4101 1106 4182 craterense,
