2654 4822
218 410 266 454 xx
617 387 887 455 PRAEFATIO

217 507 285 575 nisi
313 506 358 573 sit
376 507 431 573 vir
449 504 586 591 bonus,
609 506 654 577 de
676 509 839 577 oratoriae
863 507 1044 604 dignitatis
1065 509 1178 606 gradu
1198 509 1289 605 deji-

217 618 322 683 citur.
341 614 493 704 Quintil.
508 618 595 701 XII,
614 641 641 684 1.
656 619 777 704 Quum
789 632 909 687 autem
925 647 941 682 «
955 621 1073 689 omnis
1087 623 1288 714 arrogantia
1305 706 1311 714 μ

216 722 340 793 odiosa
358 739 429 806 est,
443 738 522 792 tum
538 723 597 794 illa
613 726 748 820 ingenii
767 740 877 822 atque
896 727 1113 822 eloquentia
1133 730 1288 798 maxime

214 833 504 904 molestissima».
523 835 728 932 Divincap.
747 861 799 904 11.
814 836 913 906 Nihil
932 835 1090 932 denique
1108 836 1287 920 declama·

215 945 307 1015 toria
321 945 539 1042 loquacitate
557 945 691 1031 levius;
707 946 797 1015 nihil
817 949 1072 1044 contemptius.
1088 950 1226 1017 Verum
1241 973 1287 1017 an

216 1058 284 1124 tria
301 1054 376 1123 hare
392 1069 490 1125 recte
509 1059 547 1124 iu
559 1056 735 1126 Cicerone
751 1056 1077 1152 reprehendantur,
1092 1057 1216 1154 paullo
1231 1057 1285 1127 di-

213 1164 381 1260 ligentius
400 1179 455 1263 est
471 1165 771 1260 investigandum.
795 1171 844 1236 Ac
864 1170 1022 1263 primum
1041 1164 1087 1236 de
1102 1165 1286 1249 moribus,

215 1274 315 1370 quod
336 1275 388 1344 rei
408 1289 516 1370 caput
534 1289 598 1344 est.

263 1389 305 1454 In
317 1383 494 1478 ejusmodi
504 1384 866 1480 reprehensionibus,
880 1386 1181 1481 quaegravissirnae
1191 1401 1287 1472 sunt,

216 1493 306 1563 illud
329 1495 368 1562 in
388 1494 514 1590 primis
532 1492 770 1588 quaerendum
788 1508 900 1589 puto,
922 1519 1002 1590 quae
1022 1498 1066 1564 sit
1086 1496 1158 1564 vita
1175 1494 1288 1579 illius,

214 1604 279 1699 qui
298 1603 450 1672 alienam
474 1603 609 1698 arguit,
640 1628 720 1698 quae
739 1607 885 1671 morum
907 1607 1080 1698 gravitas,
1113 1629 1195 1700 quae
1218 1605 1286 1676 ho-

140 1751 147 1764 ‹
215 1714 342 1798 minis,
357 1715 422 1809 qui
441 1715 616 1807 arguitur,
637 1713 863 1782 existimatio,
879 1718 950 1782 Ista
967 1716 1001 1783 si·
1014 1713 1154 1783 valeant
1175 1714 1213 1783 in
1231 1715 1287 1786 his

214 1823 343 1910 rebus,
357 1839 392 1893 et
404 1823 460 1892 vel
478 1821 709 1892 mediocriter
728 1821 1014 1910 considerentur,
1030 1828 1149 1893 omnis
1168 1824 1228 1893 illa
1242 1826 1287 1895 de

215 1932 378 2003 moribus
394 1933 578 2002 Ciceronis
595 1935 772 2003 accusatio
792 1933 883 2028 quin
900 1946 1107 2019 evanescat,
1128 1959 1205 2003 non
1234 1951 1288 2006 est

215 2043 316 2139 quod
336 2042 539 2113 dubitetur
1138 2045 1141 2051 “
1277 2044 1279 2049 ’

263 2159 454 2224 Orationes
477 2153 557 2223 duae
580 2168 666 2222 sunt
685 2155 723 2221 in
745 2153 956 2222 Ciceronem
975 2156 1024 2222 ita
1043 2154 1213 2248 geminae,
1240 2156 1287 2224 ita

214 2263 283 2335 sibi
305 2264 459 2349 similes,
488 2277 530 2331 ut
551 2285 596 2331 ex
616 2261 741 2331 eadem
765 2285 824 2331 eas
848 2258 992 2331 officina
1016 2267 1186 2334 exsistere
1210 2287 1286 2333 non

137 2415 139 2419 ν
213 2378 335 2470 inepte
342 2371 577 2468 judicaveris:
592 2387 628 2441 et
643 2397 767 2442 rursus
785 2373 834 2441 ita
852 2371 1096 2461 vehemente-5,
1106 2389 1148 2444 ut
1160 2398 1287 2444 earum

213 2485 406 2580 scriptores
426 2483 549 2579 potius
569 2483 736 2576 quaesisse
754 2481 957 2570 videantur,
981 2485 1019 2552 in
1042 2508 1154 2579 quem
1177 2509 1287 2555 omne

212 2594 311 2662 virus
335 2592 537 2663 acerbitatis
561 2617 633 2663 suae
657 2592 894 2664 declamando
919 2610 1149 2679 evomerent,
1176 2620 1288 2691 quam

213 2701 380 2772 habuisse
394 2706 540 2798 penitus
556 2718 686 2773 notum
703 2704 878 2800 aliquem,
897 2703 1032 2774 nedum
1050 2707 1284 2789 Ciceronem,

214 2816 251 2882 in
278 2837 388 2910 quem
413 2826 467 2881 tot
490 2812 618 2908 putida
640 2813 778 2906 jacere,
806 2814 902 2884 salva
929 2812 1284 2897 verisimilitudine,

212 2927 412 3020 potuerint.
431 2921 552 2992 Altera
566 2920 713 2992 brevior
731 2923 889 2992 Sallustii
908 2927 1057 2993 nomine
1074 2922 1285 2994 circumfer·

151 3058 154 3067 ·
211 3033 349 3122 tur,ad
370 3032 502 3104 calcem
519 3033 702 3128 Ciceronis
715 3038 921 3103 orationum
939 3031 1023 3102 addi.
1041 3034 1150 3130 vulgo
1167 3035 1284 3104 solita.

212 3133 334 3215 Altera
348 3169 433 3215 sane
449 3145 574 3241 longa,
594 3132 685 3214 Fulii
704 3144 848 3232 Caleni,
866 3144 998 3241 legitur
1016 3143 1112 3241 apud
1129 3146 1287 3215 Dionem

214 3254 276 3325 lib.
297 3259 418 3324 XLVI.
440 3256 484 3324 Hi
504 3269 590 3325 sunt
609 3254 684 3324 duo
703 3253 823 3325 fontes
845 3253 944 3324 unde
963 3258 1062 3323 virus
1084 3254 1287 3325 hauserunt

212 3364 389 3452 malivoli,
420 3364 521 3460 quod
538 3367 721 3433 Ciceronis
740 3365 777 3432 in
797 3388 918 3433 mores
943 3361 1175 3461 despuerent.
1199 3364 1286 3451 Quae

127 3528 133 3541 ,
212 3474 367 3547 Sallustii
387 3499 463 3544 esse
487 3473 620 3543 dicitur
640 3474 676 3541 in
704 3477 865 3542 Marcum
889 3471 1047 3542 Tullium
1071 3472 1286 3542 Ciceronem

215 3585 349 3670 oratio,
364 3609 442 3654 eam
455 3584 567 3679 hujus
584 3607 660 3652 non
675 3606 770 3669 esse,
788 3582 885 3652 docti
900 3581 965 3651 viri
978 3581 1117 3652 dudum
1136 3580 1288 3651 demon·

213 3709 416 3766 straverunt
437 3722 444 3764 :
465 3709 543 3763 turn
560 3693 661 3790 quod
679 3694 893 3765 Ciceronem
913 3694 1009 3765 inter
1024 3707 1061 3762 et
1078 3692 1286 3762 Sallustium

212 3805 406 3875 inimicitiae
427 3818 500 3873 tam
521 3804 744 3875 vehementis
765 3828 878 3875 causae
896 3829 973 3874 non
992 3818 1045 3873 sat
1067 3802 1207 3873 idoneae
1233 3799 1285 3871 af·

211 3915 391 4003 ferantur3
410 3930 487 3985 tum
506 3914 605 4011 quod
626 3916 738 4010 stylus
756 3917 793 3984 in
814 3939 856 3985 ea
880 3919 1035 3984 maxime
1060 3913 1222 3982 diversus
1240 3914 1288 3981 sit-

212 4024 365 4096 aforma
388 4023 529 4095 dicendi
547 4024 769 4095 Sallustiana.
800 4023 1056 4095 Declamatoris
1079 4022 1285 4114 cujusdam,

213 4138 286 4208 sive
303 4141 452 4206 Porcius
471 4140 579 4206 Latro
599 4133 657 4206 ille
672 4135 739 4224 sit,
762 4158 828 4205 seu
840 4136 959 4230 quivis
974 4134 1079 4222 alius,
1097 4156 1283 4203 commen·
