2654 4822
280 364 303 437 8
600 364 651 433 Μ.
671 362 712 431 Τ.
738 362 1020 432 CICERONIS
1064 362 1071 377 ⁴

276 507 381 584 opes,
395 479 503 553 nullae
516 478 721 570 facultates,
735 485 873 581 exiguae
886 477 1112 553 amicorum⁶
1127 484 1229 580 copia

277 617 363 664 cum
372 591 577 663 adversario
592 594 847 688 gratiosissimo
865 590 1072 663 contendat,
1090 591 1185 662 Illud
1198 619 1229 690 q·

277 699 385 772 uobis
398 700 538 773 accedit
547 700 837 791 incommodum,
847 700 949 799 quod
962 706 1010 774 M.
1023 704 1165 790 lunius,
1177 728 1229 799 qu

277 834 441 901 causam,
462 811 615 908 Aquilli,
632 812 824 909 aliquoties
844 811 943 910 apud
962 827 997 883 te
1020 816 1110 909 egit,
1129 811 1229 884 hom(

277 922 355 992 aliis
374 923 490 993 causis
503 924 737 1010 exercitatus,
753 924 843 992 etin
860 921 929 993 hac
944 923 1099 993 multum
1116 937 1153 993 et
1166 948 1229 1022 saep

275 1047 395 1122 satus,
407 1032 480 1103 hoc
499 1045 664 1130 tempore
679 1031 793 1121 abest,
809 1057 905 1104 nova
919 1033 1114 1129 legatioue⁷
1131 1035 1229 1130 impe

275 1141 371 1216 etad
385 1167 443 1213 me
455 1154 608 1214 ventum
624 1156 690 1233 est,
703 1145 781 1241 qui,
795 1155 837 1215 ut
850 1140 1008 1214 summa⁸
1026 1141 1197 1213 haberem
1214 1167 1229 1214 c

277 1254 452 1349 temporis
467 1251 618 1350 quidem
631 1266 729 1323 certe
744 1254 805 1322 vix
818 1255 902 1324 satis
916 1252 1042 1340 habui,
1054 1267 1096 1322 ut
1109 1278 1186 1322 rem
1200 1267 1229 1322 ta

277 1375 333 1433 tot
346 1365 601 1434 controversiis
617 1362 857 1459 implicatam,
871 1386 1016 1459 possem
1030 1385 1229 1458 cognoscer

278 1471 380 1570 quod
395 1472 483 1543 mihi
497 1475 686 1543 consuevit
697 1475 737 1541 in
752 1473 879 1557 ceteris
898 1474 1013 1541 causis
1032 1495 1109 1541 esse
1124 1470 1229 1567 adjuu

278 1583 317 1654 id
330 1608 481 1682 quoque
496 1585 536 1654 iu
552 1582 621 1652 hac
640 1605 746 1653 causa
760 1578 892 1652 deficit.
916 1585 1027 1668 Nam,
1044 1591 1144 1676 quo9
1159 1583 1229 1649 min

280 1697 388 1791 genio
404 1717 574 1791 possum,
596 1691 760 1763 subsidio
779 1689 869 1760 mihi
885 1690 1107 1787 diligentiam
1125 1715 1229 1788 comp

280 1828 363 1900 quae
384 1816 521 1900 quanta
545 1804 607 1890 sit,
633 1804 703 1874 nisi
726 1816 871 1898 tempus
893 1816 930 1873 ct
954 1801 1229 1898 spatium,datur

280 1913 433 2010 intelligi
451 1936 527 1982 non
543 1925 675 2010 potest.
690 1913 782 2002 ‘Quae
803 1934 879 2006 quo
895 1910 1001 2008 plura
1017 1924 1124 1997 suut,
1142 1914 1181 1980 C.
1198 1913 1229 1979 A¹

280 2045 325 2093 eo
347 2036 404 2110 te,
431 2019 573 2108 ethos,
598 2022 664 2116 qui
686 2017 753 2089 tibi
769 2022 808 2089 in
826 2021 977 2103 consilio
989 2031 1029 2064 ¹⁰⁷
1041 2018 1229 2107 adsunt,n

281 2145 404 2202 mente
425 2145 548 2201 nostra
572 2129 683 2201 verba
700 2128 826 2201 audire
849 2128 1058 2227 oportebit,
1082 2144 1124 2200 ut
1146 2129 1229 2198 mult

280 2239 484 2313 commodis
503 2243 634 2312 veritas
659 2237 845 2311 debilitata
868 2236 1016 2309 taudem
1036 2240 1203 2335 aequitate
1227 2265 1229 2272 ·

279 2355 444 2424 virorum
461 2365 655 2422 recreetur.
672 2349 783 2442 Quod
799 2352 829 2420 si
845 2364 886 2420 tu
901 2348 1014 2446 judex
1031 2349 1166 2419 nullo¹¹
1185 2373 1229 2446 pr

280 2458 390 2532 suisse
404 2460 586 2550 videbere,
600 2475 727 2531 contra
735 2463 809 2531 vim
822 2473 858 2531 et
870 2461 1031 2556 gratiam,
1044 2458 1229 2530 solitudini

281 2572 431 2668 inopiae3
447 2574 476 2642 si
484 2571 585 2669 apud
601 2570 671 2643 hoc
689 2571 941 2653 consiliumex
954 2569 1100 2668 opibus,
1114 2595 1189 2640 nou
1202 2595 1229 2640 e:

195 2695 197 2704 '
281 2693 354 2751 tate
376 2696 483 2752 causa
501 2681 701 2779 pendetur;
719 2679 884 2780 profecto
908 2679 999 2750 nihil
1020 2681 1163 2775 estjam
1188 2703 1229 2750 sa:

281 2804 392 2889 atque
414 2793 597 2879 sincerum
617 2794 656 2861 in
673 2794 838 2880 civitate;
857 2788 968 2878 nihil,
990 2787 1092 2887 quod
1111 2788 1228 2858 humil

280 2994 337 3050 bin,
351 2994 478 3061 uniusque
495 2996 585 3045 virium
599 2997 712 3070 petione,
731 3013 798 3047 com·
878 2997 902 3046 8.
916 2997 1061 3046 Uesumma.
1074 2995 1101 3043 Si
1112 3010 1229 3042 summam

282 3087 417 3140 ponuntur.
436 3076 502 3124 Hinc
523 3077 589 3136 duo,
613 3077 675 3140 tria,
699 3088 798 3128 centum
840 3074 1002 3141 eloquentiam
1017 3086 1174 3122 eteummum
1188 3089 1229 3120 usu

281 3156 351 3218 paria
364 3156 534 3220 gladiatorum.
876 3170 903 3218 9.
918 3153 1024 3214 Schiitz,
1046 3166 1146 3202 auctore
1163 3152 1229 3202 Laml

319 3234 344 3283 6.
357 3235 506 3284 Amicorum.
516 3239 576 3285 Moe
588 3248 650 3298 erat,
661 3247 689 3286 ut
697 3238 724 3286 in
730 3238 797 3305 judi·
841 3233 939 3299 scripsit
951 3233 1031 3298 quod,
1043 3231 1113 3282 ¹⁰⁸1&
1123 3232 1140 3279 J
1144 3265 1150 3278 ·
1161 3231 1193 3279 V·
1205 3233 1229 3277 L*

283 3313 328 3360 ciie
340 3307 410 3361 ector
422 3325 447 3361 et
458 3330 514 3361 reue
527 3315 619 3363 amicos
630 3332 713 3366 ornnes
724 3318 798 3366 advo·
880 3327 918 3360 10·
934 3315 963 3358 ln
977 3309 1087 3358 consilio·
1096 3312 1229 3358 ¹Assetsorel

282 3388 384 3450 carent,
404 3407 511 3455 quorum
533 3394 678 3442 auctoritate
700 3394 797 3455 judices
840 3390 1011 3451 Mueullus,
1032 3393 1060 3438 P·
1074 3389 1222 3459 Quintilius,

283 3480 504 3518 commoverentur.
518 3469 558 3518 llll
579 3472 623 3535 qui
644 3473 797 3536 praeentiam
840 3460 916 3516 bellue
936 3467 979 3534 (ut
991 3479 1029 3516 eet
1040 3468 1103 3516 infra
1120 3467 1180 3533 17),
1197 3483 1229 3530 qu

283 3558 381 3596 tantum
391 3548 592 3608 commodabant,
603 3550 730 3609 advocati,
745 3554 796 3602 ie.
840 3547 904 3607 liue,
923 3540 1002 3609 judex'
1021 3565 1035 3596 a
1054 3559 1160 3612 praetore
1182 3547 1229 3594 datr

283 3626 316 3676 ed
331 3643 428 3674 caueam
443 3628 541 3690 vocati3
560 3629 604 3692 qui
620 3630 798 3695 loquebantur,
843 3628 968 3678 consultos
978 3628 1093 3693 elegeram
1106 3639 1130 3675 et
1142 3628 1178 3675 illi
1188 3629 1230 3690 qui

279 3705 592 3771 patmniappellabautur.
801 3750 803 3755 .
842 3708 905 3768 culi,
926 3725 977 3756 uon
1000 3724 1058 3756 vero
1079 3708 1213 3755 deliberare

322 3800 347 3844 7.
362 3785 433 3832 Nova
445 3785 575 3850 legatione.
590 3788 652 3850 Quae
663 3788 799 3837 luerltbaec
841 3787 902 3836 vid.
916 3787 947 3835 ad
962 3788 1022 3836 calc.
1041 3787 1115 3848 hujus
1129 3787 1223 3835 volum.

284 3857 451 3928 inexspectata
464 3864 569 3927 legatio,
587 3881 639 3913 nou
652 3867 738 3931 liquet.
750 3869 798 3915 Da·
843 3866 874 3915 de
884 3865 939 3913 ord.
948 3865 1089 3927 exercjud.

283 3941 799 4010 batureuimpublicatadcomitnudumpro·
882 3960 922 3992 11.
946 3946 1029 3993 Nullo.
1055 3946 1113 3993 Nou
1137 3945 1229 3994 restitis,

284 4022 425 4084 consulem
438 4034 480 4072 aut
490 4024 594 4088 privata,
605 4023 746 4072 hereditatis
755 4024 800 4072 ob·
843 4024 968 4095 potentiae.
987 4025 1062 4074 Nullo
1081 4042 1127 4090 pro
1146 4019 1223 4088 nulli,

196 4129 200 4135 -
284 4100 432 4161 contheam
441 4102 708 4180 aliorumuegotiorum
716 4118 798 4154 cauea.
844 4102 922 4151 Pluut.
934 4105 1023 4153 etTer.
