2654 4822
192 298 263 416 'n
551 348 599 417 tu.
623 345 661 415 r.
690 347 973 418 orcsnonrs

198 465 310 564 ¹bene
326 462 423 534 culta
438 477 475 534 et
489 462 685 538 fructuosa.
696 467 850 538 Tollitur
865 465 912 538 ab
929 468 1028 537 atriis
1037 466 1221 558 Liciniis⁸‚
1232 484 1282 543 at-

215 600 287 673 que
303 599 324 645 a
338 598 549 673 praeconum
563 600 734 648 consessu
748 581 786 647 in
804 577 957 650 Galliam
970 580 1131 664 Naevius,
1143 593 1180 650 et
1191 595 1282 650 trans
1308 590 1313 597 '

213 682 323 780 Alpes
342 707 458 780 usque
475 681 699 757 transfertur.
719 689 775 756 Fit
795 710 926 783 magna
943 690 1097 757 mutatio
1111 688 1196 777 loci,
1212 713 1281 760 non

215 796 363 888 ingenii.
377 798 480 881 Nam,
492 797 556 890 qui
567 792 614 864 ab
628 794 898 866 adolescentulo
914 811 1093 893 quaestum
1108 797 1176 868 sibi
1194 801 1282 870 insti·

216 907 343 975 tuisset
358 908 436 975 sinc
451 905 651 1002 impendio,
664 921 902 1003 posteaquam
913 909 1036 977 nescio
1048 906 1139 1003 quid
1150 910 1282 1006 impen-

216 1012 286 1102 dit,
309 1018 401 1085 etin
422 1038 617 1086 commune
634 1016 812 1104 contulit,
838 1015 1013 1087 mediocri
1034 1031 1177 1113 quaestu
1190 1042 1280 1088 ‚con-

214 1137 338 1194 tentus
352 1148 431 1194 esse
449 1149 524 1195 non
543 1139 696 1221 poterat.
717 1129 791 1198 Nec
807 1128 954 1214 mirum,
972 1130 1001 1197 si
1016 1128 1065 1215 is,
1080 1129 1145 1223 qui
1157 1152 1278 1199 vocem

215 1231 380 1303 venalem
399 1232 595 1324 habuerat,
616 1259 673 1322 ea,
692 1260 773 1333 quae
790 1248 904 1307 voce9
921 1240 1133 1336 quaesierat,
1155 1261 1280 1336 magno

216 1341 286 1412 sibi
302 1346 457 1440 quaestui
477 1342 555 1415 fore
581 1345 744 1442 putabat.
769 1351 897 1443 Itaque
921 1345 1072 1417 hercule
1090 1346 1191 1418 haud
1214 1371 1280 1418 rne-

216 1451 389 1525 diocriter
404 1453 449 1527 de
463 1460 666 1543 communi,
683 1454 864 1552 quidquid
877 1470 1039 1553 poterat,
1055 1454 1153 1528 adse
1167 1461 1205 1527 in
1217 1457 1280 1554 pri·

217 1577 336 1632 vatam
352 1561 503 1633 domum
520 1562 728 1636 sevocabat:
746 1560 819 1661 qua
835 1568 872 1635 in
888 1591 926 1637 re
943 1570 992 1636 ita
1000 1564 1190 1663 diligens¹⁰
1204 1580 1281 1652 erat,

217 1677 322 1770 quasi
347 1677 391 1762 ii,
414 1679 477 1771 qui
499 1699 630 1770 magna
652 1673 725 1746 fide
753 1680 963 1766 societatem
986 1690 1169 1772 gererent,
1195 1674 1279 1745 arbi·

218 1789 366 1854 trium¹¹
386 1809 454 1881 pro
471 1789 570 1855 socio
587 1784 822 1856 condemnari
839 1785 1009 1857 solerent.
1021 1789 1161 1856 Verum
1175 1784 1232 1856 his
1243 1781 1280 1852 de

219 1893 329 1965 rebus
350 1919 425 1964 non
444 1918 589 1965 necesse
603 1893 722 1966 habeo
739 1893 858 1966 dicere
874 1919 934 1983 ea,
954 1918 1036 1989 quae
1054 1897 1282 1985 meP.Qui11·
1304 1884 1325 1940 '-

218 2009 292 2109 tius
310 2009 412 2102 cupit
428 2029 734 2077 commemorare:
753 2009 896 2076 tametsi
915 2028 1021 2075 causa
1037 2002 1217 2099 postulat,
1237 2017 1278 2074 ta·

221 2140 328 2204 men,
345 2117 432 2212 quia
448 2112 608 2212 postulat
619 2124 662 2202 1²,
685 2139 759 2184 non
773 2113 927 2212 flagitat,
942 2110 1146 2211 praeteribo

220 2389 377 2456 bantprivati
385 2390 452 2455 apud
459 2389 734 2454 Romanosperltaliam
814 2398 839 2445 9·
859 2385 932 2432 Voce·
954 2381 985 2430 Id
1004 2392 1057 2440 est,
1070 2379 1114 2445 qui
1134 2394 1197 2429 voce
1212 2389 1282 2427 rtrum

221 2479 247 2516 et
262 2470 401 2534 provincias
417 2486 521 2534 pascua,
544 2479 587 2517 aut
608 2481 732 2532 coempta,
777 2463 887 2510 omnium
899 2461 1033 2520 levissima,
1045 2476 1105 2524 opes
1118 2459 1211 2524 aliquas
1225 2471 1282 2505 com·

220 2548 381 2598 vendentibus
387 2547 733 2613 quaestoribus(Liv.XXVIH,
777 2551 913 2606 paraverat,
925 2539 1022 2588 easdem
1033 2554 1092 2601 opes
1101 2553 1191 2600 magno
1200 2535 1284 2585 emolu-

223 2624 281 2689 to);
295 2639 337 2675 aut
350 2645 364 2675 a
376 2629 513 2692 publicanis
524 2629 620 2687 locata,
637 2630 664 2675 in
677 2645 732 2693 qnae
776 2631 860 2669 mento
868 2621 915 2667 sibi
923 2635 990 2667 nune
1001 2619 1055 2666 fore
1065 2616 1178 2682 putabat.

222 2721 306 2768 greges
322 2718 346 2754 et
365 2719 472 2755 armenta
487 2709 657 2757 immittebaut.
671 2708 732 2756 Inde
816 2716 856 2747 10·
867 2698 976 2763 Diligens
993 2688 1054 2746 ml·
1069 2695 1171 2743 Naevim
1187 2695 1214 2742 in
1231 2694 1285 2742 tnn-

223 2785 356 2831 maximum
371 2787 402 2832 ad
416 2802 492 2849 remp.
507 2787 602 2834 redibat
619 2786 736 2850 vectigal,
780 2779 859 2827 danda
868 2779 983 2826 societate
992 2777 1025 2825 ita
1038 2787 1090 2824 erat
1102 2775 1215 2839 diligens,
1224 2770 1284 2838 quasi

222 2862 347 2927 scripturae
360 2865 467 2912 nomine.
482 2864 541 2911 Vid.
553 2866 624 2911 Verr.
641 2867 679 2923 ΙΙ,
694 2881 735 2923 70·
780 2860 871 2906 lurtum
882 2859 985 2906 honesta
998 2873 1037 2904 res
1049 2865 1124 2913 esset,
1133 2855 1178 2919 qui
1188 2865 1286 2902 veruto·

224 2947 298 2991 Font.
316 2960 343 3002 1,
363 2960 388 2991 a.
407 2943 448 2990 Ad
466 2942 597 3002 ntuetr,
619 2943 659 2990 15.
781 2939 891 2985 cietatem
905 2920 1287 2994 fideliteradministrarent‚ccn·

260 3024 284 3072 8.
304 3022 381 3071 Atriis
392 3021 500 3070 Liciniis.
512 3021 611 3068 Atrium
630 3030 667 3066 est
683 3035 736 3067 area
781 3016 889 3064 demnari
902 3015 1016 3063 solerent.

222 3113 280 3150 ante
302 3103 380 3150 aedem
401 3099 537 3167 porticibus
566 3109 590 3146 et
617 3097 738 3148 columnis
822 3091 1289 3144 r1.Arbitr1'umdelendcensentGraev.

222 3180 312 3228 cincta.
330 3181 426 3229 Licinia
448 3195 508 3228 vero
528 3165 594 3225 utria
617 3188 686 3225 erant
710 3179 736 3225 in
782 3177 875 3224 Ernest.
900 3171 1005 3232 Schiitz,
1031 3172 1128 3221 frustra.
1158 3168 1287 3218 Arbitrium

224 3260 317 3306 Palatio
337 3271 437 3318 monte,
456 3269 512 3306 ante
530 3256 631 3304 domum
650 3254 738 3304 Licinii
782 3256 847 3302 enim
854 3251 988 3318 procacio,
1001 3249 1123 3310 judicium
1136 3249 1167 3297 de
1179 3248 1289 3296 societate

146 3369 151 3378 .
226 3339 405 3401 Crassi,quam
415 3348 500 3402 postea
509 3336 567 3383 emit
576 3335 670 3382 Cicero.
682 3337 738 3381 Huc
782 3330 1107 3393 esse,omnesintclliguut;
1126 3338 1152 3377 et
1168 3324 1289 3376 indesub·

226 3417 404 3466 conveniebant
417 3430 541 3480 praecones
554 3413 692 3459 auctionem
705 3412 739 3459 fa·
781 3413 871 3461 auditis
879 3427 956 3476 praep.
960 3427 1008 3474 per
1019 3420 1061 3456 aut
1073 3407 1219 3466 secundum,
1231 3403 1289 3453 nihil

228 3497 299 3545 cturi.
313 3498 426 3546 Ceterum
438 3495 514 3543 multa
525 3502 594 3539 erant
606 3491 680 3551 hujus
689 3506 739 3537 mo·
782 3491 849 3538 aliud
868 3492 913 3539 erit
932 3505 1004 3553 quam
1026 3505 1071 3552 per
1096 3487 1225 3534 arbitrium
1250 3497 1293 3549 pro

227 3576 254 3625 di
271 3579 357 3625 Romae
376 3578 457 3635 atriu,
480 3585 504 3623 et
524 3573 588 3620 circa
612 3571 695 3618 forum
713 3580 738 3618 et
781 3571 850 3618 socio
863 3570 1029 3625 condemnari,
1043 3577 1085 3614 aut
1098 3564 1237 3613 arbitralem
1246 3561 1294 3628 pati

227 3657 294 3721 apud
313 3658 437 3720 privatos;
460 3654 581 3715 docetque
594 3649 737 3708 Vitruvius,
782 3649 1015 3698 condemnationem.
1049 3644 1124 3707 Quod
1158 3640 1292 3692 hellenismi

228 3737 266 3787 VI
273 3772 280 3796 ‚
295 3738 309 3784 8
320 3751 327 3785 :
345 3735 465 3798 «privatis
483 3735 510 3780 in
527 3729 653 3788 domibus,
672 3745 738 3777 com·
781 3746 857 3794 genus
870 3745 922 3776 non
935 3744 992 3776 sane
1002 3726 1091 3772 mirum
1101 3727 1129 3772 in
1141 3724 1235 3771 forensi
1248 3723 1296 3770 for·

227 3817 310 3872 munia
323 3814 395 3863 fuisse
405 3813 536 3869 vestibula,
548 3811 574 3856 in
588 3826 651 3873 quae,
665 3811 737 3857 etiam
781 3809 859 3868 mula,
873 3819 898 3855 et
915 3823 929 3854 a
946 3805 1039 3869 vulgari
1056 3804 1176 3852 sermonis
1195 3819 1242 3850 usu
1255 3817 1291 3849 re-

226 3894 348 3954 invocati,
366 3910 411 3942 suo
424 3893 494 3953 jure,
515 3890 544 3937 de
560 3889 654 3952 populo
669 3898 738 3952 pote·
782 3899 858 3936 mota.

227 3983 282 4021 rant
295 3973 405 4022 venire».
418 3974 472 4019 Hac
485 3968 578 4018 scilicet
590 3969 684 4014 ratione
692 3981 739 4031 po·
821 3983 863 4014 12.
875 3965 1000 4014 Postulat.
1014 3961 1157 4022 resudare,
1169 3972 1206 4009 est
1218 3970 1301 4024 petere

226 4052 336 4118 pclarem
359 4052 458 4116 gratiam
475 4045 661 4112 aucupabantur
680 4045 739 4092 clvi·
783 4045 907 4102 modeste,
919 4042 1042 4111 flagitare
1058 4055 1133 4101 vero,
1153 4050 1239 4104 petere
1261 4040 1301 4088 iu·

227 4133 283 4182 tatis
295 4131 426 4198 principes.
783 4123 886 4176 stantius
899 4134 924 4170 et
935 4121 1110 4169 vehementius.
