2654 4822
128 398 177 490 κῆ]
525 401 800 468 cabrario

128 521 234 613 vius,
246 517 504 621 Verburgius,
518 512 814 615 Lallemandns,
834 518 1099 612 Facciolatus,
1122 517 1198 594 Ga·

130 642 328 735 ratonius,
344 641 529 719 Ernestus
548 644 785 747 praesertim,
805 669 922 749 quem
943 642 1013 748 qui
1032 639 1198 717 laudan·

130 763 224 843 dum
253 762 487 867 susciperet,
514 762 547 840 is
573 764 794 868 legentibus
824 763 1010 869 injuriam
1039 760 1196 839 faceret.

129 886 317 965 Profuere
330 902 369 963 et
385 886 546 991 plurimi
564 886 652 983 alii,
673 915 844 993 quornm
858 886 1021 964 nomina
1035 886 1198 962 circum·

131 1010 325 1104 feruntur,
342 1008 596 1113 interpretes,
621 1010 804 1117 equibus
820 1038 864 1087 ea
883 1009 1089 1113 selegimus
1109 1036 1197 1115 quae

129 1132 179 1212 ad
201 1130 478 1210 illustrandum
495 1130 747 1229 Ciceronem,
768 1151 836 1210 aut
855 1131 1129 1238 explicandam
1149 1132 1199 1208 la-

129 1257 203 1333 tini
219 1256 412 1333 sermonis
427 1254 683 1333 subtilitatem
698 1275 815 1363 atque
829 1257 1063 1360 elegantiam
1085 1256 1197 1333 facie·

130 1380 248 1477 bant,
277 1378 432 1456 omissis
458 1379 525 1474 iis,
554 1397 642 1487 quae
669 1382 712 1456 in
740 1398 849 1458 tanta
879 1379 1082 1456 literarum
1112 1379 1198 1456 luce

129 1501 245 1581 edere
262 1529 525 1607 supervacuus
545 1501 659 1579 labor
674 1499 886 1580 videretur.
912 1503 959 1579 ln
979 1502 1198 1579 recentissi-

130 1626 204 1703 mis
232 1642 364 1701 autem
391 1621 579 1703 Schiitzio
606 1643 664 1722 et,
689 1623 799 1731 quod
826 1622 876 1702 ad
896 1625 1085 1702 Verrinas
1115 1653 1198 1702 ora-

129 1750 257 1830 tiones
271 1747 460 1853 pertinet,
480 1748 661 1826 Harlesio
675 1775 749 1826 nos
764 1749 955 1826 maximas
970 1749 1117 1852 gratias
1134 1750 1198 1826 ha-

130 1871 223 1949 bere
244 1868 498 1976 profitemur,
523 1872 669 1976 prioris
686 1873 833 1949 notulis
850 1871 901 1949 ad
915 1871 1083 1949 obscura
1098 1901 1199 1979 quae·

131 1994 222 2072 dam
236 1991 487 2099 explicanda,
507 1994 671 2071 feliciter
682 1995 760 2092 usi,
779 1997 856 2073 hoo
873 2024 996 2071 unum
1011 1994 1198 2074 desiderii

131 2117 357 2212 habuimus,
371 2115 480 2223 quod
492 2116 626 2222 paullo
644 2117 685 2193 in
697 2117 888 2196 mutando
903 2147 947 2195 ao
960 2118 1197 2224 corrigendo

130 2239 332 2336 audacior,
352 2240 504 2332 auctori
526 2239 667 2344 saepius
686 2240 897 2346 proprium
917 2231 1197 2346 ingeniumaf-

82 2460 85 2464 ι
131 2365 302 2442 tinxerit.

143 2504 146 2511 “
184 2491 243 2567 Ne
261 2471 383 2595 plura·
401 2509 530 2568 autem
551 2480 751 2569 extraneis
767 2510 925 2597 accepta
947 2490 1197 2586 haberemus,

133 2631 289 2690 vetuere
305 2613 543 2693 doctissimae
559 2616 638 2694 Jos
650 2617 752 2695 Vict.
770 2619 828 2695 LE
848 2617 977 2696 Canac
994 2616 1199 2695 elucubra-

82 2815 83 2818 ,
133 2737 280 2833 tiones,
298 2737 367 2842 qui
389 2737 484 2814 dum
507 2757 635 2817 totum
652 2741 884 2819 Ciceronem
897 2739 1108 2816 vernaculo
1127 2769 1199 2817 ser-

133 2886 249 2937 mone
279 2857 518 2937 donandum
542 2864 734 2967 suscepit,
763 2861 1059 2967 praeclarissime
1084 2864 1198 2941 simul

132 3002 171 3062 et
188 2982 237 3062 de
252 2982 404 3061 civibus
413 3001 460 3069 ,et
476 2982 526 3061 de
540 2983 768 3088 alienigenis
785 3001 843 3062 est
857 2985 1036 3082 meritus;
1049 2988 1198 3094 quippe

132 3107 244 3213 cujus
259 3135 379 3213 opera
395 3136 478 3184 non
497 3109 628 3186 minus
646 3109 766 3186 latine
781 3138 898 3216 quam
915 3108 1050 3214 gallice
1073 3128 1199 3189 tersus

132 3259 177 3308 ac
196 3230 345 3336 politus
359 3230 527 3335 prodeat
541 3233 704 3330 Cicero,
726 3234 853 3339 etjam
863 3233 1008 3310 futuris
1021 3233 1063 3309 in
1073 3253 1200 3340 poste-

132 3382 221 3430 rum
247 3350 478 3448 laboribus,
505 3355 617 3459 quasi
647 3352 947 3432 fundamentum
980 3357 1063 3433 baec
1094 3358 1199 3437 illius

132 3475 256 3555 editio
287 3475 338 3552 sit
369 3473 642 3579 supponenda.
669 3476 916 3555 Immemoris
941 3497 1072 3556 autem
1100 3500 1200 3559 esset

129 3598 254 3684 animi
286 3624 367 3673 non
400 3597 433 3673 J.
461 3598 505 3674 L.
529 3597 711 3675 Buauonr
739 3626 883 3677 nomen
912 3600 1005 3678 huic
1031 3605 1199 3709 conjun-

134 3748 246 3837 gere,
276 3721 346 3826 qui
376 3738 585 3827 postquam
618 3722 698 3799 suis
727 3724 769 3799 in
801 3722 1027 3802 Sallustium
1054 3727 1200 3831 vigiliis

135 3861 285 3920 tantam
319 3844 444 3921 literis
479 3873 640 3949 operam
673 3848 850 3944 navavit,
887 3877 970 3926 non
1005 3851 1200 3945 minorem·

135 3966 338 4052 Ciceronis
357 3967 584 4068 Quintianae
606 3971 799 4070 orationi,
827 3991 872 4050 ut
890 3990 1017 4078 cetera
1039 3975 1198 4052 omitta-

136 4118 223 4168 mus
240 4105 279 4168 et
301 4087 350 4167 de
365 4091 441 4168 boc
459 4108 612 4215 tautpm
628 4091 826 4172 volumine
845 4095 1076 4205 loquamur,
1097 4125 1199 4202 prae-
