2654 4822
224 376 471 443 PRAEFATIO
497 376 711 444 NICOLAI
737 373 1081 440 DESJARDINS.
1114 369 1183 462 xvij

153 490 254 564 diserte
267 493 384 564 luerat
397 496 634 592 explicatum3
650 520 724 565 non
739 497 817 563 sine
831 508 934 580 voto,
944 507 987 562 ut
1001 493 1188 564 exsisteret

153 601 316 697 aliquando
335 629 380 675 ex
398 618 453 674 tot
474 605 575 690 viriS,
588 629 681 701 quos
699 603 761 672 alit
775 604 980 673 Parisiensis
998 601 1188 673 Academia

153 710 182 776 in
197 715 310 782 artium
328 715 456 784 studiis
476 713 733 785 liberalissimis
750 717 904 783 maxime
923 727 1100 797 versatos,
1122 712 1189 783 do-

153 821 318 920 ctrinisque
337 838 416 894 tum
433 826 572 922 graecis,
590 838 669 894 tum
688 824 807 893 latinis
826 823 1106 910 eruditissimos,
1128 823 1192 918 qui

152 926 186 997 de
200 935 305 1004 multis
333 934 430 1005 bene
452 935 614 1007 merendi
636 934 756 1006 studio
776 938 971 1020 excitatus,
992 936 1191 1031 susciperet

152 1061 244 1112 curam
273 1048 605 1142 cogitationemque
637 1045 886 1141 dignissimam
924 1069 997 1114 suae
1027 1044 1188 1129 virtutis;

150 1146 279 1224 discendi
305 1155 446 1251 cupidis
474 1154 780 1241 adolescentibus,
817 1156 860 1224 iis
888 1155 1061 1242 maxime,
1093 1152 1190 1251 apud

149 1281 234 1352 quos,
246 1266 399 1359 juvenes
420 1269 628 1362 magistros,
652 1266 756 1362 pueri
777 1279 1003 1349 exercentur,
1027 1287 1190 1334 necessa·

146 1369 228 1460 riam;
245 1373 415 1444 omnibus
432 1375 583 1446 utilem:
606 1379 668 1471 qui
696 1373 828 1460 dubia,
848 1377 997 1459 certius3
1019 1372 1199 1468 ambigua·

147 1491 172 1546 et
188 1481 331 1554 obscura
348 1484 593 1584 explanatius3
615 1482 794 1570 difficilia,
813 1482 1042 1578 diligentium
1059 1496 1189 1552 cuncta

144 1585 264 1662 brevius
282 1592 477 1689 explicaret
496 1621 506 1687 3
524 1597 588 1691 qui
610 1593 769 1690 denique
788 1592 994 1664 uberrimos
1014 1593 1094 1662 illos
1115 1592 1204 1662 elo-⁶
1247 1614 1250 1619 ·

141 1705 274 1793 quentiae
296 1727 453 1772 romanee
472 1703 592 1774 fontes
615 1705 770 1801 aperiret
784 1703 916 1788 „unde
935 1701 1038 1773 facile
1066 1703 1189 1772 hauri·

140 1825 200 1879 rent
217 1812 260 1897 ii,
275 1813 339 1907 qui
352 1837 500 1882 summae
515 1815 599 1883 artis
616 1811 749 1882 habere
762 1814 966 1899 scientiam,
981 1828 1017 1883 et
1031 1811 1191 1910 perfecte

137 1913 260 1994 dicendi
277 1921 421 1991 laudem
434 1924 576 2019 assequi
594 1936 782 2020 cuperent.
802 1926 946 1993 Interea
959 1947 1058 1992 nunc
1074 1922 1188 2010 hanc,

134 2051 215 2100 nunc
229 2030 328 2100 illam
340 2029 531 2126 diligenter
544 2030 707 2127 legebam
723 2033 943 2119 orationem3
956 2055 1036 2126 quae
1055 2031 1190 2127 legenti
1242 2055 1246 2064 ·

131 2139 294 2224 notanda,
315 2141 389 2210 sive
411 2140 547 2223 indicta
568 2142 662 2228 aliis,
690 2142 764 2210 sive
792 2139 948 2211 delibata
969 2142 1105 2226 leviter,
1126 2165 1188 2211 oc·

130 2264 325 2337 currerent,
350 2252 388 2319 in
407 2249 611 2321 'adversaria
635 2249 896 2344 conjiciebam
926 2249 1043 2320 donec
1069 2249 1189 2329 conti-

130 2376 226 2432 nuato
243 2361 368 2431 multis
385 2365 488 2431 annis
504 2361 651 2447 labore,
665 2375 777 2456 atque
794 2360 943 2455 singulis
961 2359 1188 2430 orationibus

127 2471 352 2564 pervolutatis
370 2497 445 2541 non
459 2472 588 2559 semel,
600 2497 642 2542 ea
657 2484 848 2542 creverunt
861 2472 898 2538 in
913 2468 1065 2557 librum,
1076 2494 1186 2566 quem
1244 2515 1248 2520 -

126 2577 260 2651 dicendi
289 2580 458 2651 studiosae
476 2583 679 2677 juventuti,
708 2582 812 2675 cujus
834 2581 944 2650 unius
970 2581 1007 2649 in
1038 2583 1186 2677 gratiam

99 2717 101 2720 ·
125 2688 184 2762 hoc
204 2717 226 2762 a
248 2716 309 2766 me
332 2707 538 2790 susceptum
561 2707 616 2763 est
635 2693 842 2788 negotium,
873 2689 997 2762 affero.
1024 2693 1188 2789 Suscepti

124 2825 249 2873 munus
269 2801 398 2888 officii,
419 2816 529 2899 prout
547 2805 668 2872 animo
687 2826 830 2872 mecum
847 2800 1124 2898 descripseram,
1142 2827 1187 2871 an

125 2911 180 2980 sim
203 2926 450 3008 exsequutus,
471 2911 626 2982 aliorum
646 2912 895 3006 sitjudicium.
924 2918 1084 2984 Conatus
1107 2936 1187 2981 sum

124 3021 267 3092 meliora
295 3020 563 3118 superioribus,
594 3022 758 3119 perficiet
785 3023 935 3118 aliquis,
963 3048 1072 3119 quem
1094 3047 1189 3093 verae

125 3127 232 3202 laudis
266 3155 371 3201 amor
397 3130 593 3227 aliquando
619 3132 664 3203 ad
696 3147 770 3202 tam
802 3138 931 3203 eximia
964 3135 1090 3204 ceteris
1121 3148 1189 3203 tra·

126 3237 234 3310 denda
264 3238 500 3312 advocaverit.
534 3245 609 3312 Nec
646 3240 858 3312 defuturum
895 3247 959 3341 qui
992 3244 1029 3314 id
1063 3269 1187 3342 aggre-

125 3345 253 3437 diatur,
281 3352 458 3422 existimo.
500 3352 684 3423 Ciceronis
712 3354 891 3424 sincerum
919 3355 1117 3450 judicium,
1147 3370 1188 3424 ut

125 3457 221 3546 olim,
245 3463 353 3530 etiam
371 3484 470 3531 nunc
486 3462 766 3560 intelligentium
782 3465 994 3536 moderatur
1011 3466 1185 3536 orationi:

125 3590 201 3638 sana
226 3595 307 3666 quae
331 3567 399 3639 fuit
426 3570 520 3640 illius
544 3571 771 3668 temporibus
798 3568 1026 3669 eloquentia,
1059 3575 1187 3643 victrix

125 3681 280 3776 perrupit
292 3678 417 3748 furtim
435 3680 526 3750 mala
540 3681 701 3768 fastidia,
718 3682 852 3779 quibus
866 3685 964 3781 apud
980 3710 1047 3755 nos
1065 3684 1184 3754 adhae-

125 3803 225 3876 serat,
245 3808 364 3885 quum
382 3792 468 3859 novi
481 3796 621 3886 generis
641 3793 857 3888 eloquentiae
876 3792 972 3866 falsis
987 3792 1186 3864 luminibus

127 3896 309 3969 obscurata
324 3897 559 3972 deliteSceret.

168 4015 372 4107 Antequam
393 4010 438 4080 de
456 4011 606 4106 hujusce
625 4017 746 4110 operis
766 4019 906 4086 ratione
926 4015 1116 4095 disseram,
1145 4040 1185 4084 ac

128 4115 165 4190 de
184 4123 224 4194 iis
243 4122 364 4192 dicam
388 4126 450 4217 qui
468 4125 504 4193 in
524 4123 596 4195 hoc
614 4125 799 4197 industriae
818 4141 947 4199 nostrae
964 4125 1183 4196 curriculum
