2654 4822
194 382 324 477 xxxviij
595 386 855 455 usurario

192 507 421 579 miseratione
441 521 643 595 moveatur,
659 532 787 579 omnes
806 523 928 580 motus
945 516 1076 585 excitat
1093 532 1155 586 aut
1173 520 1181 587 i

191 619 393 715 gnationis,
414 631 476 713 aut
498 617 762 688 misericordiae.
783 622 827 689 In
850 644 925 715 quo
942 623 970 690 si
992 626 1167 721 tantisper

192 742 372 815 moratur,
395 731 475 823 quis
490 741 559 813 est,
579 728 662 822 qui,
683 727 784 825 quod
801 752 950 799 summae
971 734 1055 803 artis
1078 750 1151 823 est,
1176 763 1183 790 r

174 836 480 943 reprehendere?
505 837 615 928 Quod
637 840 971 949 autembcontendit
991 847 1088 940 Aper
1114 847 1183 917 Cio

188 974 272 1020 nem
288 947 414 1019 «tarde
432 949 671 1032 commoveri,
690 971 772 1018 raro
785 950 999 1021 incalescere
1013 980 1055 1022 »ε
1083 968 1146 1023 aut
1165 956 1183 1024 d

106 1048 108 1052 ¹
187 1063 308 1132 omnia
327 1062 366 1130 in
384 1063 568 1144 oratione,
589 1058 645 1128 vel
664 1060 759 1155 ipsas
783 1059 889 1130 etiam
908 1064 1154 1150 narrationes,
1179 1102 1183 1127 .

165 1162 166 1167 ἵ
185 1173 256 1242 bus
276 1170 366 1240 nihil
388 1183 604 1267 potestesse
625 1168 801 1257 sedatius,
820 1170 1028 1241 vehementi
1043 1175 1182 1270 impetu

186 1283 349 1352 maximis
367 1279 585 1350 clamoribus
606 1304 682 1351 esse
700 1280 943 1378 peragendas,
966 1298 1028 1353 aut
1044 1286 1182 1357 Ciceror

184 1391 338 1466 fateatur
357 1415 409 1479 ea,
424 1415 498 1487 qua
516 1390 632 1477 decet,
645 1391 857 1462 incitatione
878 1390 987 1462 ferri:
1003 1394 1079 1464 imo
1098 1420 1182 1492 saep<

184 1503 294 1596 hujus
312 1501 456 1571 evolare
474 1504 697 1587 orationem,
721 1515 763 1570 ut
784 1503 857 1571 vim
876 1518 913 1573 et
937 1505 1114 1600 impetum
1137 1508 1181 1577 ad

183 1613 273 1695 cias,
291 1611 441 1706 vestigia
457 1611 734 1707 ingressumque
748 1636 824 1682 non
841 1609 972 1683 rideas.

230 1721 391 1818 Exposui
420 1744 510 1816 quas
539 1720 650 1790 subiit
677 1721 765 1790 olim
796 1724 923 1793 Cicero
950 1724 1182 1821 vituperatior

181 1833 317 1930 quibus
337 1831 396 1902 alii
406 1842 419 1917 ,¹
438 1831 513 1926 jam
530 1846 636 1901 antea
654 1830 934 1928 responderunt.
949 1840 994 1904 Et
1012 1859 1032 1905 a
1050 1860 1109 1906 me
1124 1837 1182 1908 hic

180 1966 397 2041 responsum
414 1954 525 2038 puto,
548 1956 590 2010 ut
612 1942 677 2037 qui
700 1943 733 2012 ei
753 1959 993 2040 opponuntur
1010 1946 1181 2042 repreher

179 2078 253 2139 res,
280 2055 350 2150 ipsi
368 2054 465 2146 justa
492 2050 775 2148 reprehensione
797 2068 860 2123 aut
882 2055 1041 2143 invidiae,
1064 2071 1127 2127 aut
1149 2059 1181 2154 ig

178 2163 321 2250 rantiae,
340 2177 403 2231 aut
419 2160 675 2257 imprudentia
687 2186 809 2232 carere
827 2187 904 2232 nou
922 2189 1028 2261 posse
1047 2166 1176 2237 videan

178 2273 273 2344 Illud
283 2288 405 2343 autem
414 2272 568 2340 censorii
581 2272 663 2367 styli
673 2297 886 2343 mucronem
897 2275 1000 2345 illurn
1009 2277 1180 2370 pulcherr

177 2382 354 2470 retundit,
373 2379 473 2478 quod
493 2405 601 2451 nemo
624 2380 700 2453 fere
721 2407 897 2480 umquam
915 2384 1042 2474 fuerit,
1059 2391 1181 2483 quius

178 2510 240 2592 pta
256 2495 436 2565 Ciceronis
453 2490 638 2578 habuerit,
653 2495 744 2590 quin
761 2494 905 2592 legerit,
921 2499 1009 2593 quin
1028 2522 1181 2595 suspexe

177 2629 279 2704 poene
296 2602 430 2688 dicam,
447 2617 639 2674 veneratus
661 2603 789 2690 fuerit,
803 2621 845 2676 ut
864 2606 1091 2703 exemplum,
1108 2612 1164 2679 sin

176 2716 245 2786 nus
267 2711 534 2811 perfectissima²
557 2715 730 2799 omnino,
751 2728 860 2810 atque
887 2719 1049 2786 numeris
1076 2721 1178 2788 omni

177 2823 369 2909 absolutae,
397 2837 434 2892 at
462 2846 548 2892 sane
573 2824 668 2894 illius
693 2849 774 2921 quae
798 2826 919 2896 minus
948 2851 967 2894 a
991 2826 1177 2922 perfectiss

175 2932 339 3016 recedat,
368 2930 599 3028 eloquentiae.
626 2936 671 3003 In
692 2958 734 3004 ea
755 2934 924 3004 nonnihil
944 2933 1054 3007 fuisse
1076 2942 1180 3011 vitior

176 3047 274 3117 docti
298 3042 570 3140 judicaverunt,
593 3057 629 3114 et
654 3045 732 3141 ipse
753 3045 880 3134 etiam,
907 3045 1069 3142 alioquin
1096 3051 1180 3120 mini

174 3159 230 3228 sui
248 3169 499 3251 contemptor,
522 3152 709 3225 confessus
729 3171 792 3226 est.
813 3159 949 3226 Verum
968 3158 1006 3227 in
1028 3158 1084 3228 his
1109 3185 1180 3255 qua

174 3293 256 3366 pars
274 3266 366 3338 erit?
389 3264 446 3335 Ad
461 3265 578 3361 legem
591 3267 749 3336 veritatis
769 3267 875 3362 loqui
894 3269 923 3336 si
942 3268 1045 3354 velis,
1062 3270 1180 3342 Cicer<

173 3379 259 3449 vitia
275 3388 461 3474 quotquot
476 3389 562 3445 sunt
580 3377 618 3443 in
638 3399 754 3445 unum
773 3380 803 3445 si
821 3376 1074 3467 conferantur,
1088 3381 1149 3449 vix
1164 3408 1180 3451 r

172 3487 333 3558 lesimam
365 3486 444 3579 ejus
469 3487 649 3581 *virtutem
681 3483 912 3583 adaequatura
939 3511 1028 3558 esse
1062 3487 1180 3563 fatebe

173 3602 278 3668 Hunc
297 3597 407 3692 igitur
420 3617 604 3664 amemus:
623 3593 723 3665 hunc
736 3611 941 3694 spectemus
957 3625 966 3666 ε
985 3598 1056 3669 hoc
1075 3625 1180 3699 propr

173 3722 250 3777 tum
276 3703 383 3808 nolus
409 3704 455 3774 sit
482 3704 689 3802 exemplum
710 3732 718 3774 :
739 3731 816 3777 non
846 3732 889 3776 ea
917 3723 1040 3778 tamen
1068 3710 1179 3808 religit

172 3817 307 3904 dicam,
335 3838 382 3886 an
408 3816 682 3912 superstitione,
705 3840 784 3913 quae
807 3816 922 3889 altero
945 3817 1086 3890 abhoc
1110 3847 1178 3893 saec

208 4080 231 4112 r.
253 4052 429 4110 eioeronem'a
450 4059 579 4107 calumniis
600 4059 735 4108 vindicavit
757 4061 873 4125 peculiari
898 4062 984 4111 libello
1009 4064 1087 4112 Andr.
1113 4066 1179 4114 Scho

167 4155 264 4216 Aprum
277 4149 547 4213 refutaritAuouymus
556 4149 584 4198 in
596 4150 702 4198 Memor.
712 4149 884 4199 Trivutrannt
898 4154 975 4214 1718,
989 4153 1065 4202 Mart.
1080 4169 1138 4217 pag.
1151 4156 1179 4205 55
