2654 4822
154 367 250 463 xxxij
553 370 825 439 PRAEFATIO

153 506 278 563 runt».
307 491 470 560 Asinium
492 477 715 564 Pollionem¹
734 516 861 591 passus
879 506 934 562 est
950 491 1097 562 rivalem
1120 497 1224 564 vivus

153 618 190 674 et
216 599 468 702 adversarium.
491 602 661 673 Pollionis
683 602 779 673 filius
800 604 943 672 Asinius
962 602 1085 672 Gallus
1113 601 1225 674 libros

151 716 262 782 etiam
281 713 318 782 in
342 736 427 782 eum
446 713 589 809 scripsit
601 724 629 799 ²,
648 743 665 778 <c
676 715 714 783 in
737 711 872 810 quibus
896 711 1142 809 eloquentiam
1164 715 1224 782 Ci-

154 824 295 893 ceronis
312 837 461 919 paterna
475 823 684 920 eloquentia
697 839 850 894 conatur
865 821 1020 892 obruere
1037 848 1044 890 :
1061 836 1097 892 et
1115 821 1226 894 audet

154 935 293 1026 parenti
318 931 363 1003 de
392 935 567 1004 Cicerone
593 933 679 1004 dare
702 934 857 1030 palmam
883 932 999 1004 landis
1024 935 1225 1005 oratoriae».

156 1041 326 1115 Claudius
338 1045 535 1138 imperator
552 1045 669 1133 (Suet.
685 1045 724 1112 in
742 1043 867 1114 Claud.
882 1066 960 1139 cap.
974 1041 1036 1138 dr)
1054 1041 1227 1115 adversus

154 1152 223 1234 hos
240 1151 334 1222 Galli
354 1151 467 1223 libros
485 1150 648 1224 condidit
668 1151 916 1224 defensionem
933 1155 1016 1223 satis
1036 1151 1226 1225 eruditam.

95 1323 99 1330 .
154 1267 328 1335 praterea
344 1277 525 1333 memorat
541 1267 583 1333 A.
603 1261 742 1334 Gellius
757 1262 844 1359 (lib.
855 1267 967 1347 XVII,
979 1285 1056 1359 cap.
1071 1261 1104 1356 ι)
1119 1266 1227 1360 Largi

155 1370 344 1466 cujusdam
361 1374 488 1442 Licinii
506 1373 634 1443 librum
653 1374 870 1469 inscriptum
884 1372 955 1442 hoc
976 1371 1104 1458 titula,
1124 1377 1226 1444 Cice·

108 1491 111 1495 ’
155 1486 340 1552 romastt'x.
362 1485 455 1551 Sunt
477 1484 586 1552 etiam
611 1479 693 1551 alii³
715 1483 836 1570 multi,
860 1506 1020 1577 quorum
1045 1484 1228 1577 iniquiora

156 1592 202 1662 de
221 1616 258 1662 se
277 1589 411 1685 judicia
430 1607 467 1663 et
489 1591 789 1687 reprehensiones
809 1589 969 1687 effugere
990 1589 1130 1660 Tullius
1150 1615 1226 1661 non

154 1704 286 1797 potuit.
308 1705 363 1771 De
380 1725 539 1798 quorum
553 1702 717 1771 omnium
733 1698 870 1794 judicio
887 1698 977 1794 quid
994 1698 1227 1769 sentiendum

156 1813 204 1882 sit
218 1809 408 1907 magnifice
422 1809 578 1882 declarat
592 1814 633 1880 A.
652 1810 805 1894 Gellius,
819 1808 884 1886 ubi
902 1833 1010 1906 supra
1027 1836 1034 1878 :
1050 1838 1067 1872 (ε
1082 1811 1131 1876 Ut
1145 1810 1227 1904 qui-

158 1921 261 2007 dam,
281 1924 417 2017 inquit,
436 1918 585 1990 fuerunt
606 1935 766 1989 monstra
783 1919 976 1990 hominum
996 1922 1061 2015 qui
1090 1918 1136 1990 de
1160 1919 1232 1989 diis

156 2028 420 2100 immortalibus
430 2031 560 2127 impias
569 2026 747 2125 falsasque
761 2031 952 2124 opiniones
966 2028 1227 2125 prodiderunt;

156 2141 207 2210 ita
219 2139 393 2210 *nonnulli
412 2154 485 2211 tam
503 2138 717 2237 prodigiosi,
730 2153 878 2235 tamque
897 2139 1069 2209 vecordes
1089 2141 1228 2211 exstite-

157 2264 258 2338 runt,
266 2264 307 2326 ut
318 2248 474 2322 scribere
487 2252 563 2319 ausi
575 2252 704 2319 sintM.
713 2252 926 2321 Ciceronem
935 2274 1064 2347 parum
1074 2252 1227 2348 integre,

158 2375 269 2457 atque
286 2360 502 2456 improprie,
523 2373 633 2455 atque
652 2357 915 2431 inconsiderate
938 2361 1144 2456 loquuturi-1.
1166 2365 1228 2430 At·

158 2494 232 2566 que
253 2470 320 2540 alia
338 2469 485 2571 quidem
508 2493 588 2566 quae
611 2468 943 2566 reprehenderunt,
966 2495 1087 2566 neque
1106 2468 1227 2550 dictu,

159 2602 279 2675 neque
297 2577 422 2648 auditu
442 2579 551 2675 digna
572 2595 677 2664 sunt,
699 2579 761 2650 sed
783 2580 895 2666 enim,
916 2595 981 2650 etc.
997 2610 1014 2645 n
1036 2584 1114 2670 Sic,
1139 2566 1226 2651 dum

156 2679 243 2760 viles
265 2687 418 2759 deludo
446 2687 723 2778 declamatores,
750 2713 844 2785 quos
867 2689 1016 2759 tenebat
1037 2715 1129 2760 verae
1151 2690 1227 2760 elo-

156 2800 316 2895 quentiae
326 2798 742 2896 miserabilisignoratio,
760 2799 890 2870 famam
901 2799 969 2869 sibi
983 2824 1026 2870 ex
1044 2802 1228 2871 Ciceronis

156 2906 304 2980 infamia
325 2909 428 2979 ibant
448 2923 717 3006 comparatum,
734 2910 872 2983 interea
890 2933 984 2978 sanae
1005 2909 1136 2978 mentis
1159 2909 1227 2980 ho-

157 3022 292 3102 mines,
314 3017 498 3106 doctriua,
531 3035 640 3116 atque
662 3022 827 3089 omnium
850 3021 980 3088 artium
1005 3020 1227 3117 optimarum

159 3130 285 3201 studiis
307 3130 459 3218 eruditi,
475 3145 630 3226 uterque
647 3129 800 3215 Plinius,
823 3133 871 3198 Μ.
886 3134 1037 3214 Seneca,
1053 3133 1093 3198 L.
1106 3129 1227 3226 philo-

160 3240 265 3336 sophi
277 3240 553 3339 pater3Fabius;
569 3241 704 3332 Gellius
714 3267 724 3330 ;
735 3255 771 3408 ep
781 3244 1086 3336 quotquotRoma
1098 3238 1227 3324 habuit

197 3515 219 3547 1.
234 3496 282 3544 Hic
295 3508 333 3546 est
343 3497 441 3546 Asinius
454 3496 535 3546 Pollio
547 3496 619 3545 bonis
634 3497 748 3544 omnibus
764 3497 810 3547 avi
823 3497 862 3549 sni
875 3494 1037 3560 scriptoribus
1050 3494 1172 3565 infestusr
1185 3497 1227 3559 qm

158 3585 188 3634 C.
203 3583 311 3634 Sallustii
323 3586 413 3648 scripta
428 3582 634 3651 reprehendehat,
653 3595 682 3632 ut
694 3585 768 3633 nimia
781 3584 917 3649 priscorum
928 3583 1059 3631 verborum
1073 3583 1227 3637 affectatione

158 3671 253 3722 oblita:
270 3674 312 3736 qui
326 3674 352 3727 in
366 3675 395 3721 T.
410 3674 480 3721 Livio
493 3673 560 3732 mirae
576 3672 696 3720 facundia
709 3673 763 3721 viro
774 3671 961 3723 Patavinitatem
975 3669 1105 3734 quamdam
1118 3670 1227 3731 notabat.

156 3765 181 3808 Is
187 3761 288 3808 Verrem
302 3761 427 3810 Ciceronis
440 3778 507 3809 reum
520 3763 649 3810 fortissime
662 3763 807 3810 morientem
821 3748 936 3808 tradidit:
950 3768 974 3806 et
986 3757 1111 3806 Ciceronis
1125 3769 1227 3806 mortem

156 3850 224 3898 solus
239 3866 271 3898 cx
285 3849 399 3898 omnibus
413 3850 518 3914 maligne
534 3862 628 3910 narrat,
646 3852 680 3899 ita
695 3863 722 3900 nt
736 3853 787 3912 ejus
800 3848 892 3897 invidia
910 3847 949 3895 vel
967 3863 1081 3912 supremo
1097 3846 1164 3895 illim
1179 3845 1228 3895 fine

158 3937 251 3986 domita
263 3954 315 3986 non
329 3937 411 3988 fuerit.

192 4059 219 4091 a.
233 4042 299 4092 Plin.
314 4043 431 4103 lib.VII,
445 4044 518 4108 epist.
535 4050 560 4098 4.

131 4196 135 4203 ,
191 4149 215 4196 a.
228 4147 286 4197 via.
296 4149 418 4199 amni-n.
429 4149 541 4199 noceri.
550 4150 634 4197 xxu.
648 4151 732 4197 nnec.
742 4148 769 4196 in
780 4137 884 4197 sunit
895 4148 1017 4199 controv.
1026 4144 1131 4207 omui.
