2654 4822
111 409 136 478 6
521 409 779 480 SYNOPSIS.
827 405 831 411 ’

152 529 179 581 1⁰
188 534 291 582 Quum
303 546 355 580 uou
368 531 450 591 fuisse,
462 546 507 580 cur
520 532 621 582 Naevius
632 550 646 582 a
657 545 761 598 praetore
772 529 918 598 postularet,
929 541 957 581 ut
965 530 1032 579 bone
1044 533 1074 581 Ρ.
1087 532 1177 596 Quinti}

113 620 257 686 possideret.

150 705 178 757 ι’
196 711 234 757 Ex
247 707 328 757 edicto
340 706 410 757 illum
422 724 450 757 ea
462 708 527 756 bona
536 707 662 774 possidere
673 723 725 756 uou
737 707 855 772 potuisse.

149 795 178 871 {⁰
190 795 249 844 Non
261 795 409 860 possedisse.
602 800 605 808 “

146 885 177 931 lu
188 884 381 934 Corrsrmours
393 882 469 946 igitur
478 883 556 948 prima
567 895 636 947 parte
643 881 762 948 probatur
769 897 866 930 causam
874 880 1021 940 uouluisse,
1031 897 1076 930 rur
1084 881 1177 931 Naevius

112 971 260 1036 postularet,
279 967 305 1019 1⁰
316 973 395 1034 Ipsius
405 972 485 1019 Naevii
494 972 649 1032 testimonio,
665 971 718 1036 qui,
727 985 803 1034 quum
819 980 916 1034 tempus
932 980 957 1017 et
970 969 1053 1018 locum
1069 970 1177 1019 habueri<

112 1059 252 1124 appellandi
263 1059 360 1122 Quintii
372 1059 403 1108 de
416 1060 533 1125 pecunia,
545 1075 622 1123 quum
634 1060 724 1107 ferveat
738 1057 851 1115 avaritia,
865 1067 912 1105 etc.
930 1056 1032 1106 biennio
1048 1069 1132 1107 umen
1143 1059 1177 1106 dc·

112 1147 192 1195 bitum
202 1148 297 1197 nullum
308 1148 395 1212 petiit,
410 1163 451 1207 rr,
464 1164 505 1197 ra.
516 1146 545 1195 2⁰
556 1147 673 1209 Ejusdem
683 1147 763 1196 Naevii
770 1145 942 1205 eonfessioue,
954 1147 997 1210 qui
1011 1163 1075 1210 saepe
1085 1163 1177 1194 revoca·

112 1246 152 1283 tus
167 1235 200 1283 ad
209 1236 332 1297 judicium
344 1237 374 1284 de
391 1253 417 1284 re
434 1236 591 1300 pecuniaria,
612 1236 768 1285 conditiones
781 1234 929 1298 aequissimas
943 1234 1098 1298 repudiavit,
1111 1245 1177 1298 atqu«

112 1334 195 1387 aperte
209 1323 334 1371 coufessus
348 1335 384 1372 est
398 1323 460 1371 nihil
472 1323 520 1371 sibi
532 1340 546 1371 a
558 1323 662 1388 Quintio
674 1322 773 1381 deberi,
791 1323 831 1371 13.
844 1320 873 1370 3⁰
882 1321 954 1371 Nuda
967 1333 991 1370 et
1005 1321 1112 1386 simplici
1123 1332 1177 1369 tem·

110 1410 180 1474 poris
195 1410 353 1463 discussione.
367 1413 483 1477 Quintius
499 1413 585 1460 Romae
598 1426 650 1460 nou
661 1411 708 1460 fnit
725 1426 776 1475 quo
790 1409 830 1458 dle
842 1409 1010 1459 vadimonium
1020 1410 1112 1457 factum
1125 1409 1177 1457 dici*

110 1498 219 1547 Navius.
241 1499 269 1556 4⁰
288 1499 371 1548 Officii
392 1501 496 1548 ratione.
510 1500 611 1547 Etiamsi
630 1500 747 1563 Quintius
766 1498 936 1548 vadimonium
959 1498 1116 1556 deseruisset,
1133 1513 1177 1544 nor

112 1587 232 1635 contiuuo
244 1589 331 1638 debuit
339 1588 441 1637 Naevius
451 1587 516 1635 bona
530 1587 604 1648 socii,
616 1589 706 1648 amici,
722 1585 803 1635 affinis
818 1586 989 1652 proscribere:
1005 1602 1060 1650 quae
1076 1586 1177 1650 proscri-

110 1666 166 1737 ptio
177 1676 331 1727 acerbissima
342 1688 379 1725 cst
393 1677 504 1724 omnium
516 1677 697 1737 calamitatum,
710 1677 885 1730 ‹tlt-18.Huuc
901 1675 983 1724 locum
994 1685 1098 1722 exornat
1110 1673 1177 1721 vehe·

112 1778 181 1810 mens
190 1775 216 1812 et
226 1765 350 1828 pathetioa
360 1763 529 1828 amplificatio.

148 1853 179 1898 lu
191 1852 299 1899 secunda
312 1863 381 1917 parte
396 1852 543 1910 ostenditur,
554 1867 585 1900 ex
603 1851 686 1900 edicto
702 1852 816 1917 prtetoris
827 1851 894 1900 bona
910 1853 938 1900 P.
952 1851 1050 1915 Quintii
1062 1849 1177 1915 possidet

112 1937 183 1986 nullo
193 1938 270 1987 modo
284 1941 402 2005 potuisse;
410 1940 478 2003 quod
484 1938 604 2003 probatur
616 1955 648 1986 ex
660 1939 720 2003 ipsis
729 1939 805 1988 edicti
817 1939 907 1998 verbis,
917 1954 1006 2002 ¹9·²7·
1019 1934 1046 1986 1⁰
1054 1938 1177 1986 Noueniu

112 2026 223 2075 latitasse
236 2028 382 2090 Quintium,
403 2043 483 2091 neque
505 2028 630 2075 absentem
643 2026 742 2092 judicio
762 2044 813 2076 non
835 2025 959 2091 defensum
969 2026 1052 2092 sitisse
1059 2060 1068 2082 ,
1093 2027 1177 2091 quippt

111 2131 190 2178 quum
200 2115 344 2182 Alpheuua,
356 2115 409 2180 ejus
421 2125 576 2179 procurator,
593 2114 691 2162 libellos
706 2115 786 2162 Naevii
801 2115 930 2177 dejecerit,
948 2115 1118 2162 vadimonium
1126 2131 1177 2180 pro

113 2206 219 2265 miserit,
232 2221 278 2269 19,
292 2222 339 2265 ao,
357 2222 403 2255 ar.
421 2200 451 2253 a⁰
462 2204 522 2253 Nou
538 2204 589 2252 dici
608 2220 682 2268 posse
699 2203 786 2254 Naevio
799 2220 883 2268 parem
896 2205 1056 2253 certationem
1068 2220 1125 2251 curu
1138 2203 1177 2252 sl·

113 2293 198 2358 pheno
211 2294 285 2342 Marii
295 2295 391 2343 fautore
402 2310 455 2342 nou
465 2292 552 2352 fuisse,
564 2292 632 2357 quod
645 2303 704 2357 tuno
717 2293 822 2340 Mariani
837 2293 1034 2352 dominarentur3
1044 2309 1122 2357 quum
1132 2294 1177 2358 ipss

59 2421 61 2427 ,
115 2383 216 2431 Naevius
229 2384 283 2431 istis
296 2385 368 2432 etiam
381 2365 478 2439 faveret,
488 2392 513 2429 et
524 2381 557 2429 ad
563 2382 681 2429 victorem
689 2382 784 2430 tautum
794 2381 886 2428 Sullam
895 2380 1062 2445 transfugerit,
1072 2395 1115 2428 aa.
1128 2381 1176 2430 3⁰s

114 2472 217 2519 Naevius
229 2487 260 2519 ex
276 2472 358 2521 edicto
373 2471 439 2519 bona
452 2470 551 2532 Quintii
563 2469 726 2534 possedisset,
744 2470 832 2534 quaerit
844 2485 889 2517 cur
900 2470 966 2519 bona
983 2484 1035 2517 uon
1049 2470 1171 2518 venierint

113 2573 158 2604 cur
168 2561 242 2607 ceteri
255 2561 388 2609 cieditores
402 2575 456 2608 non
468 2550 643 2619 convenerint,
654 2555 698 2609 23.
719 2553 749 2615 ὃ)
762 2558 871 2608 Additur
881 2554 1011 2622 Narratio,
1022 2556 1071 2622 qua
1084 2557 1177 2606 docetur

114 2645 226 2694 Naevium
232 2647 298 2707 jam,
314 2660 445 2712 autequam
459 2649 604 2714 postulasset
613 2682 622 2710 ,
630 2659 659 2697 ut
671 2648 738 2696 bona
752 2647 849 2710 Quintii
861 2647 1007 2711 possideret,
1020 2647 1091 2695 illum
1101 2647 1131 2695 de
1141 2663 1177 2695 su<

115 2734 194 2782 fundo
208 2751 253 2800 per
266 2736 316 2783 vim
330 2738 475 2798 ejiciendum
485 2754 592 2799 curasse,
602 2737 670 2802 quod
679 2748 715 2786 est
728 2741 815 2786 co'utra
827 2738 940 2801 prsetoris
949 2736 1066 2795 edictum,
1078 2745 1169 2799 alt-27.

150 2822 263 2870 Tertium
275 2834 337 2884 erat,
347 2833 377 2872 ut
391 2823 597 2872 demonstraretur
609 2825 722 2874 Naevium
735 2825 801 2873 bona
815 2824 913 2889 Quintii
926 2840 957 2872 ue
976 2823 1113 2888 possedisse
1131 2824 1177 2889 qui

114 2909 178 2961 dem.
189 2913 283 2958 Verum
302 2918 369 2959 totus
384 2910 426 2958 bic
447 2911 518 2959 locus
532 2910 657 2959 intercidit
675 2927 725 2959 uua
742 2928 799 2959 cum
811 2911 884 2959 initio
897 2910 1077 2976 conclusionis,
1092 2913 1120 2960 iu
1138 2928 1177 2977 qua

115 3001 228 3065 superius
243 2999 308 3048 dicta
321 3001 460 3048 summatim
477 3011 657 3059 enumerantur,
671 3001 721 3060 28,
734 3015 778 3063 29.

149 3088 262 3152 Denique
278 3089 305 3136 iu
317 3089 501 3137 Psuossrrorrr
515 3087 605 3150 judicis
621 3087 812 3136 misericordiam
827 3087 934 3135 maxime
947 3099 1087 3138 commovet
1101 3105 1115 3137 a
1130 3104 1177 3152 per·

109 3192 175 3258 ‘sona
184 3177 294 3241 Quintii,
312 3180 377 3226 senis
391 3187 416 3226 et
433 3177 530 3242 iuopia,
547 3188 572 3226 et
587 3176 618 3224 ab
636 3178 745 3238 ejusdem
758 3177 956 3226 innocentissima
971 3176 1039 3238 vita;
1057 3175 1088 3224 ab
1102 3176 1177 3227 adver

114 3266 172 3313 sarii
182 3282 300 3330 persona,
319 3266 366 3313 viri
376 3267 501 3332 potentis,
513 3265 648 3330 voluptarii
662 3278 687 3316 ct
698 3256 776 3331 iniqui
785 3280 794 3326 ;
808 3276 956 3330 rogaturque
963 3266 1057 3328 judex,
1068 3277 1097 3329 ut
1108 3283 1177 3330 quuu

114 3354 203 3402 veritas
222 3371 278 3401 cum
294 3354 398 3416 Quintio
413 3364 507 3418 pugnet
518 3390 526 3416 ,
537 3353 594 3419 plus
610 3355 662 3414 ejus
677 3355 760 3419 iuopia
773 3354 805 3402 ad
815 3354 1004 3403 misericordiam
1020 3371 1093 3418 quam
1105 3354 1177 3402 Naevi

115 3458 175 3506 opes
190 3443 222 3490 ad
235 3442 402 3490 crudelitatem
416 3441 524 3501 valeant,
547 3451 572 3490 et
584 3450 613 3488 ut
625 3457 697 3505 quam
710 3442 927 3502 existimationem,
948 3459 1019 3507 quam
1033 3443 1177 3491 honestateu

114 3530 140 3576 iu
149 3531 272 3591 judicium
282 3530 403 3590 attulerit,
417 3546 469 3577 eam
478 3529 551 3577 liceat
564 3529 587 3576 ei
600 3545 682 3577 secum
696 3546 727 3578 cx
738 3530 786 3578 hoc
798 3530 892 3592 judicio
906 3531 1006 3591 efferre,
1024 3532 1072 3591 30,
1087 3533 1131 3581 31.

149 3617 256 3667 Dicendi
269 3616 393 3666 character
402 3618 499 3666 subtilis
511 3629 558 3678 est3
571 3633 679 3684 persaepe
688 3629 770 3668 tamen
780 3617 865 3685 liguris
874 3631 899 3669 et
907 3618 1150 3687 amplificationibus,
1160 3631 1177 3668 et

114 3705 182 3769 quasi
191 3704 296 3766 iuvenili
309 3707 435 3755 Ciceronis
448 3707 561 3758 ubertate
572 3696 690 3763 luxuriat.

505 3927 792 3958 ψ·-
