2654 4822
123 376 464 402 mmmmmwwnw·
469 361 1120 398 mmmmmmmnmmmwsmum'
1126 379 1171 397 vu

350 583 913 699 ARGUMENTUM.

125 840 148 894 C.
158 837 298 911 Quintius,
313 835 362 894 cui
376 836 468 895 multa
483 848 568 894 eruut
583 834 613 892 in
627 834 720 893 Gallia
733 833 780 892 vel
796 835 935 912 propria,
950 835 997 894 vel
1011 832 1106 895 locuta
1119 857 1174 916 pa-

152 953 223 1003 scua,
236 954 302 992 cum
316 937 381 992 Sex.
392 933 509 1001 Naevio,
527 932 596 989 olim
614 950 765 1009 praecone,
781 930 947 989 societatem
961 951 1060 991 eurum
1075 954 1173 993 rerum

153 1033 215 1090 lecit.
237 1038 310 1105 Quae
332 1032 454 1089 societas
471 1050 562 1108 quum
577 1049 668 1088 annos
677 1029 738 1106 jam
757 1029 922 1107 complures
941 1042 1028 1103 esset,
1050 1044 1080 1089 et
1097 1053 1174 1112 saepe

152 1131 276 1203 Quintius
309 1129 444 1188 Naevium
475 1140 641 1205 suspectum
673 1126 842 1196 habuisset,
868 1127 993 1185 moritur
1019 1131 1173 1205 repentino

152 1227 285 1299 Quintius,
296 1224 405 1284 herede
418 1225 551 1284 instituto
565 1225 655 1282 fratre
668 1229 700 1282 P.
714 1223 850 1296 Quintio,
863 1225 915 1301 qui
928 1230 1029 1283 Romae
1041 1246 1173 1286 eommo-

151 1323 268 1383 rabatur.
283 1326 311 1380 ls
321 1342 376 1380 nec
391 1323 432 1379 ita
442 1321 534 1379 multo
551 1333 617 1397 post
630 1320 679 1398 (A.
691 1325 730 1380 U.
744 1323 775 1377 C.
786 1319 856 1396 669)
874 1320 904 1377 in
917 1321 1040 1379 Galliam
1054 1324 1175 1401 prolici-

151 1421 229 1478 scitur
235 1443 245 1492 ;
259 1420 301 1477 ibi
319 1436 428 1477 anuum
446 1419 507 1477 lere
521 1437 587 1475 cum
602 1418 703 1476 Navio
722 1416 905 1476 familiariter
917 1418 1003 1491 vivit,
1031 1434 1060 1478 et
1080 1441 1172 1498 quum

149 1516 215 1576 iuter
231 1538 262 1576 se
279 1517 370 1575 multa
391 1515 429 1574 de
449 1515 588 1573 societate
607 1514 872 1587 communicarent,
897 1535 1056 1594 numquam
1078 1531 1175 1576 tumen

149 1615 256 1673 Naevius
269 1611 398 1680 monuit,
416 1624 467 1670 aut
480 1611 647 1669 societatem
658 1609 714 1669 sibi
731 1609 890 1688 quidquam
909 1610 1034 1688 debere,
1045 1626 1096 1671 aut
1109 1607 1174 1692 pri-

149 1711 228 1768 vatim
239 1715 273 1768 C.
286 1708 439 1782 Quintium
449 1705 594 1766 debuisse.
605 1710 669 1764 Imo
683 1727 773 1784 quum
788 1726 805 1765 a
819 1712 850 1765 P.
861 1708 983 1781 Quintio
993 1710 1174 1788 aliquantum

126 1860 132 1872 „
149 1810 203 1869 aeris
215 1808 303 1868 alieni
314 1812 415 1865 Romae
428 1818 503 1867 esset
516 1805 663 1876 relictum,
675 1809 741 1863 Sex.
747 1805 864 1863 Naevius
872 1805 1026 1883 pecuniam
1038 1809 1065 1865 ei
1076 1810 1174 1882 offert,

148 1926 227 1982 quarn
247 1919 279 1962 ut
301 1922 485 1961 communem
509 1901 665 1974 existimet,
683 1901 821 1959 hortatur
840 1921 895 1979 pro
913 1905 1004 1961 veteri
1025 1925 1090 1962 curu
1111 1906 1174 1983 ejus

149 2002 228 2059 fratre
243 2000 313 2060 Caio
328 1999 465 2056 societate
479 2018 513 2055 ac
527 1998 618 2075 ipsius
632 1999 794 2056 affinitate:
816 2017 883 2055 nam
895 2003 926 2056 P.
941 2001 1054 2072 Quintii
1068 2021 1174 2060 conso-

148 2100 255 2160 brinam
268 2098 397 2159 habebut
413 2099 443 2155 in
458 2097 642 2155 matrimonio
656 2097 789 2165 Naevius,
804 2108 835 2155 et
850 2118 888 2157 ex
900 2118 935 2156 ea
946 2098 1063 2158 liberos.
1076 2102 1176 2173 Quin-

149 2199 197 2257 tius
211 2199 303 2276 igitur
320 2195 431 2253 auxilio
448 2193 540 2254 Naevii
561 2194 652 2252 fretus
672 2199 795 2252 Romam
814 2193 906 2267 redit,
931 2194 1127 2256 creditoribus
1145 2219 1176 2257 se

148 2310 221 2354 certo
236 2291 462 2352 dissoluturum
477 2290 639 2368 promittit;
658 2290 789 2348 Naevium
808 2291 964 2349 certiorem
986 2292 1068 2365 sacit,
1092 2308 1177 2372 rugat

148 2405 176 2450 ut
188 2392 243 2451 sibi
256 2401 341 2449 curet
353 2387 433 2466 quod
448 2386 577 2445 dixisset.
588 2392 664 2446 Tum
684 2387 732 2446 ille
751 2407 843 2446 assem
861 2408 892 2446 se
914 2402 1000 2466 negat
1020 2389 1172 2465 daturum,

148 2489 196 2546 nisi
210 2487 293 2567 prius
307 2485 344 2543 de
358 2484 446 2542 rebus
463 2483 682 2562 rationibusque
697 2485 842 2542 societatis
856 2484 1019 2543 decidisset.
1041 2489 1175 2546 Destitu-

149 2586 220 2644 tioue
236 2586 286 2642 illa
305 2583 456 2660 perculsus
470 2582 620 2654 Quintius,
635 2601 695 2638 non
717 2581 778 2638 siue
799 2581 929 2658 pecuniae
946 2582 1079 2659 jactura,
1095 2585 1175 2645 bona

149 2682 275 2759 quaedam
291 2681 322 2737 in
340 2679 434 2738 Gallia
450 2679 564 2750 vendit,
585 2677 779 2736 creditoribus
793 2677 937 2752 dissolvit3
955 2681 1091 2760 ultroque
1105 2688 1176 2743 Nae-

149 2779 220 2837 vium
237 2777 381 2856 appellat,
394 2788 426 2832 ut
437 2777 460 2834 si
472 2775 542 2853 quid
557 2790 631 2835 esset
647 2777 851 2835 controversie
864 2797 918 2854 per
929 2778 1056 2839 arbitrus
1071 2783 1176 2840 transi-

150 2891 230 2953 geret.
245 2880 305 2933 Dat
317 2874 371 2932 iste
385 2873 508 2931 amicum
519 2872 715 2932 Trebellium:
733 2874 872 2947 Quintius
886 2858 1070 2933 communem
1082 2897 1177 2935 neces·

151 2973 267 3043 sarium,
282 2989 425 3046 suumque
439 2970 638 3046 propinquum
661 2973 726 3028 Sex.
746 2969 923 3047 Alphenuur.
942 2969 998 3028 Sed
1021 2991 1110 3048 quum
1130 2993 1177 3032 res
1265 2978 1266 2984 ’

151 3088 196 3145 per
209 3067 337 3127 arbitros
354 3080 476 3143 propter
486 3066 579 3123 Naevii
593 3065 744 3122 avaritiam
761 3066 917 3124 convenire
932 3086 992 3123 non
1006 3046 1118 3145 posset,
1130 3091 1176 3129 res

151 3186 205 3224 csse
223 3167 253 3223 in
270 3163 439 3222 vadimonio
460 3161 565 3239 coepit,
582 3162 601 3223 i.
614 3182 640 3219 e.
657 3161 730 3219 alter
747 3161 871 3220 alterum
888 3163 917 3220 in
932 3162 980 3239 jus
994 3166 1125 3238 vocavit,
1147 3182 1177 3226 ct

152 3278 246 3322 mutuo
259 3275 339 3321 certo
353 3261 400 3319 die
415 3281 445 3320 se
459 3272 566 3339 praesto
579 3259 692 3318 futuros
705 3260 910 3338 promiserunt.
922 3265 1005 3319 Tunc
1020 3283 1091 3321 vero
1106 3269 1176 3323 Nae-

152 3364 208 3421 vius
226 3364 268 3421 ait
287 3382 318 3420 se
339 3361 536 3419 auctionatum
553 3359 583 3417 in
597 3358 706 3428 Gallia,
720 3379 835 3418 curasse
848 3380 885 3420 ne
899 3360 971 3437 quid
987 3359 1043 3418 sibi
1051 3361 1110 3438 jam
1126 3383 1177 3421 so·

152 3461 231 3518 cieras
247 3459 383 3517 deberet:
395 3461 425 3514 P.
439 3457 584 3530 Quintius,
601 3471 665 3514 acta
675 3458 773 3514 omnia
783 3470 879 3529 ratus,
896 3458 927 3514 in
943 3458 1065 3516 Galliam
1082 3462 1175 3538 profi-

153 3560 279 3630 ciscitur3
297 3576 385 3634 quem
401 3554 450 3613 ubi
468 3556 631 3633 profectum
654 3554 735 3613 audit
753 3556 879 3622 Naevius,
892 3555 1000 3614 amicos
1019 3571 1175 3630 convocat,

154 3658 316 3714 testificatur
339 3673 356 3712 a
381 3653 501 3725 Quintio
524 3652 670 3710 desertum
690 3650 904 3724 vadimonium,
929 3666 992 3710 eta
1013 3653 1176 3711 Burrhieno

153 3766 270 3828 praetore
282 3750 421 3828 postulat,
435 3761 469 3804 ut
484 3768 519 3805 ex
536 3747 631 3806 edicto
650 3745 729 3804 bona
746 3746 806 3824 ejus
828 3747 977 3825 possidere
993 3748 1088 3806 liceat.
1100 3754 1175 3808 Num

154 3852 199 3926 qui
214 3847 410 3908 vadimonium
426 3844 639 3916 destituissent,
656 3844 777 3902 infames
788 3857 884 3915 erant,
897 3857 927 3901 et
940 3845 970 3901 in
983 3866 1086 3903 eorum
1097 3844 1176 3904 bona

155 3946 306 4006 creditores
328 3965 365 4003 ex
384 3941 479 4001 edicto
500 3942 633 4020 praeturis
657 3941 861 4015 mittebantur;
887 3962 979 4020 eaque
997 3942 1022 4000 si
1043 3963 1097 4020 per
1115 3943 1176 4000 dies

155 4063 206 4105 xxx
223 4064 357 4127 possessa
375 4054 493 4119 essent,
505 4042 547 4100 eis
565 4039 786 4100 addicebantur.
812 4041 932 4101 Naevius
951 4041 1043 4119 igitur
1065 4041 1179 4114 Quintii

1033 4162 1045 4207 1
1053 4191 1060 4206 .
