2654 4822
444 360 823 430 ARGUMENTUM.
998 407 1000 410 >
1147 357 1167 432 5

148 484 181 538 Μ.
195 478 300 539 lunius
315 478 454 552 dixisset,
473 479 617 557 legatione
635 492 733 539 autem
753 478 910 557 impeditus
924 489 1000 536 esset
1013 478 1170 556 quominus

149 595 306 657 peroraret;
324 581 427 640 Cicero
443 595 563 658 rogatus
578 601 596 639 a
610 581 722 653 Quintii
734 580 848 652 amicis,
867 580 899 638 in
916 578 1017 657 primis
1028 598 1046 636 a
1059 584 1096 653 Q.
1105 583 1170 638 Ro-

150 677 200 734 scio
216 676 362 749 comoedo,
382 695 500 735 causam
511 677 574 754 ejus
585 677 725 754 suscepit,
745 675 907 754 habuitque
920 676 997 734 hauc
1008 676 1170 734 orationem

151 773 175 829 iu
190 774 310 832 comitio
322 772 389 853 (qui
401 774 483 831 locus
497 787 561 832 erat
577 775 607 832 in
622 776 703 847 loro,
722 773 775 832 ubi
786 774 900 852 privata
911 772 1037 850 judicia,
1048 773 1110 857 siue
1120 773 1171 851 ju-

150 868 216 928 dicia
238 870 278 927 dc
300 870 506 928 controversiis
527 870 655 930 subortis
673 870 750 930 inter
772 871 916 946 privatos,
933 869 1172 949 exercebantur),
1266 906 1270 912 ·

151 971 185 1024 ll.
195 967 293 1025 Tullio
307 967 434 1039 Decnla,
445 966 500 1024 Cn.
514 968 651 1026 Cornelio
664 967 818 1028 Dolabella
832 987 907 1026 coss.
922 987 1000 1026 anno
1013 967 1088 1045 672,
1103 969 1173 1028 Sul-

152 1064 215 1122 lanae
230 1063 381 1122 dictaturae
396 1065 509 1142 primo,
519 1049 677 1124 'Ciceronis
692 1066 833 1143 vigesimo
848 1076 942 1140 sexto.

185 1161 279 1219 Multa
293 1173 376 1219 erant
387 1160 418 1218 in
431 1159 487 1219 hac
500 1180 586 1220 causa
597 1181 662 1238 quae
674 1161 788 1234 Quintii
803 1175 961 1240 patronum
975 1160 1172 1233 deterrerent;

153 1258 346 1336 nempeNaevii
355 1258 458 1334 gratia,
468 1259 530 1335 qui,
535 1258 618 1327 malis
629 1257 738 1316 ditatus
750 1257 872 1329 artibus,
880 1259 1081 1330 Marianarum
1092 1260 1172 1331 olim,

153 1373 220 1413 nunc
235 1375 307 1414 vero
321 1354 506 1415 Sullanarum
520 1355 647 1433 partium
664 1356 771 1428 fautor,
784 1354 899 1415 nobiles
914 1356 1070 1434 plerosque
1084 1355 1175 1415 advo·

153 1464 223 1510 catos
232 1451 376 1523 habebat;
398 1464 459 1509 tum
472 1465 630 1530 praetorum
643 1452 735 1524 favor,
752 1452 803 1529 qui
811 1452 873 1530 jam
888 1452 1041 1526 Quintium
1053 1451 1175 1517 damna-

153 1561 263 1621 verant,
290 1562 352 1607 tum
372 1548 496 1606 maxime
518 1549 676 1606 Hortensii.
690 1549 872 1626 eloquentia,
894 1567 982 1626 quem
1005 1547 1137 1606 nondum
1157 1569 1175 1607 a

145 1643 200 1715 fori
208 1665 294 1722 regno
307 1645 411 1704 Cicero
427 1643 580 1722 dejecerat.
592 1651 659 1704 Non
672 1664 743 1703 vero
759 1645 907 1704 dubitavit
918 1659 1018 1706 noster
1033 1659 1132 1724 aperte
1143 1646 1175 1703 in
1203 1693 1206 1697 ,

152 1742 276 1801 Naevium
285 1740 396 1813 invehi,
411 1753 569 1819 praetorum
579 1741 732 1800 Burrbieni
742 1762 776 1801 ac
785 1741 944 1800 Dolabellae
952 1741 1072 1820 injurias
1082 1744 1175 1821 queri,

153 1836 186 1895 lta
197 1851 231 1897 ut
245 1858 307 1915 non
321 1836 500 1897 fortitudinis
515 1839 610 1897 minus
627 1840 658 1897 in
672 1840 728 1898 bac
745 1841 886 1898 concione
901 1858 989 1918 quam
1003 1840 1176 1918 eloquentiae

154 1933 358 1992 nobilissimum
371 1933 517 2012 specimen
530 1933 664 1993 ediderit.
703 1990 704 1993 ,

187 2035 314 2090 Eventus
328 2031 384 2088 fuit
401 2031 479 2089 felix.
493 2030 630 2090 Liberato
648 2032 786 2106 Quintio,
803 2034 871 2094 tulit
884 2033 988 2095 Cicero
1002 2034 1176 2112 eloquentiae

154 2145 205 2186 suae
216 2128 353 2200 fructum,
365 2140 399 2187 ut
411 2128 512 2187 scribit
522 2132 559 2189 A.
574 2129 695 2203 Gellius,
710 2133 775 2204 XV,
790 2131 837 2188 28.

517 2330 770 2402 SYNOPSlS.

153 2499 254 2560 Quaestio
266 2507 304 2546 est
316 2497 344 2545 in
356 2511 444 2561 genere
453 2496 565 2560 judiciali
575 2511 582 2545 :
593 2514 625 2546 an
638 2499 694 2548 Sex.
706 2498 805 2546 Naevius
817 2496 954 2563 possederit
967 2497 1032 2546 bona
1045 2499 1074 2548 P.
1080 2497 1178 2561 Quintii

127 2597 149 2639 9¹
158 2586 232 2635 edicto
245 2587 369 2652 praetoris.

152 2674 227 2723 Partes
243 2675 364 2723 orationis
381 2675 491 2740 quinque
505 2687 579 2726 snrrt:
595 2675 747 2735 Exordium,
765 2691 793 2735 r,
807 2691 832 2726 a.
846 2675 975 2737 Narratio,
992 2675 1047 2740 3-9.
1060 2674 1178 2732 Partitio‚

129 2774 158 2809 ro.
170 2762 314 2824 Contendo,
331 2777 421 2824 11-29.
431 2763 569 2822 Peroratio,
591 2762 638 2822 30,
648 2762 693 2812 31.
973 2814 977 2822 ,

152 2851 177 2897 In
188 2853 305 2900 Exonmo
320 2850 408 2900 Cicero
420 2850 510 2899 fatetur
525 2867 551 2898 se
566 2850 593 2897 in
604 2850 650 2898 hac
663 2866 734 2898 causa
747 2849 837 2915 partim
850 2850 1016 2916 eloquentiam
1028 2851 1060 2914 Q.
1070 2854 1178 2900 Horten-

127 2933 160 2995 ῦῑῑ,
168 2939 208 3001 qui
219 2939 332 2988 Naevium
344 2936 504 2999 defendebat,
522 2921 618 2998 bereri,
635 2938 724 3003 partim
737 2937 814 3002 ipsius
827 2937 908 2987 Naevii
922 2954 995 3004 opes,
1008 2937 1075 3001 apud
1087 2938 1179 2985 multos

127 3023 206 3072 nobiles
218 3025 372 3073 Sullanarum
384 3026 491 3090 partium
504 3017 618 3090 gratiosi,
637 3025 802 3074 extimescere.
816 3025 878 3074 Inde
895 3027 932 3074 Μ.
948 3025 1018 3073 Junii
1031 3023 1179 3082 absentiam,

127 3113 222 3171 pretoria
238 3113 392 3176 iniquitatem
410 3113 529 3177 queritur,
544 3114 587 3176 qui
603 3128 671 3160 reum
684 3113 762 3177 priori
778 3112 836 3160 loco
853 3093 923 3177 loqui
932 3112 1046 3174 jusserit3
1061 3123 1180 3177 rogatque

127 3197 295 3264 taquttium,
309 3217 401 3266 eosque
415 3200 459 3265 qui
471 3201 494 3248 ei
515 3201 542 3247 in
559 3189 663 3248 consilio
682 3199 794 3258 aderant,
810 3211 836 3248 ut
849 3201 945 3263 Quintil
957 3199 1086 3248 solitudini
1105 3211 1179 3264 atquc

126 3285 201 3353 inopiae
222 3301 308 3338 contra
324 3292 376 3338 rim
397 3300 422 3337 et
439 3290 541 3353 gratiam
558 3287 689 3336 adversarii
707 3299 867 3348 succurrant,
879 3305 910 3349 1,
930 3303 955 3337 a.
970 3290 1009 3337 Sic
1025 3289 1056 3336 ab
1070 3289 1179 3337 Exordio

125 3372 171 3432 iacit
181 3388 264 3426 orator
275 3376 354 3442 prima
366 3376 497 3424 affectuum
510 3375 618 3435 semina,
635 3376 662 3422 in
671 3375 799 3439 Quintium
814 3375 1045 3435 commIserationis,
1054 3387 1079 3424 et
1089 3375 1141 3423 odii
1154 3375 1181 3422 iu

126 3461 236 3529 lienium,
255 3477 399 3530 ceterosque
411 3465 571 3514 adversarios.

152 3553 262 3619 Sequitur
267 3533 422 3613 ΙΝιιιιιιτιο,
436 3568 491 3615 quae
504 3551 573 3616 qnasi
584 3552 612 3598 in
625 3549 684 3599 duas
697 3561 778 3616 partes
791 3549 959 3600 distribuitur:
973 3547 999 3598 ι’
1012 3552 1042 3599 In
1052 3549 1181 3614 qnamdam
1207 3563 1210 3568 ·

126 3645 317 3705 preparationem
326 3675 333 3700 ,
345 3657 393 3704 qua
402 3651 484 3687 orator
492 3650 625 3688 anteactam
633 3639 714 3686 Naevii
722 3640 798 3686 vitam
806 3638 894 3698 refert,
902 3638 971 3702 quod
981 3639 1033 3700 ejus
1041 3640 1164 3703 ingenium
1174 3673 1181 3698 ,
1201 3699 1203 3706 Ι

126 3741 185 3788 quem
198 3730 328 3794 multiplex
342 3739 367 3776 et
378 3738 525 3790 tortuosum,
537 3738 585 3775 etc.
599 3726 628 3785 3,
639 3734 663 3781 t.
681 3721 708 3774 2⁰
720 3727 749 3772 In
760 3726 818 3773 facti
834 3728 1012 3786 narrationem,
1031 3743 1118 3790 nempe
1130 3743 1181 3790 quo

126 3817 189 3865 modo
202 3817 378 3865 dissimulatam
393 3814 520 3880 perfidiam
532 3815 658 3877 indicans,
671 3806 800 3878 Quintium
813 3813 913 3862 Naevius
935 3813 1031 3861 insidiis
1049 3814 1182 3862 circumve-

125 3906 188 3964 nerit,
202 3905 257 3968 5·9.
268 3906 350 3966 Quam
365 3903 490 3951 concludit
502 3903 570 3951 brevi
584 3901 684 3950 invidias
695 3901 785 3950 affectu
794 3905 821 3951 in
830 3902 996 3962 adversarios,
1009 3902 1053 3965 qui
1065 3901 1182 3966 eloquen-

125 3989 151 4037 tia
162 4003 184 4039 et
195 3992 309 4058 potentia
322 3990 354 4038 ad
367 3991 477 4054 iujuriam
488 3991 630 4047 abutuntur,
641 4005 666 4053 9.

152 4080 209 4130 Tum
222 4078 323 4130 accedit
334 4089 420 4127 auctor
433 4078 465 4126 ad
476 4081 673 4137 Panrr'rrorrrrr,
690 4093 729 4125 ro.
744 4077 927 4143 Denuntiatque
937 4093 963 4125 se
975 4087 1145 4126 ostensurum:
